3242 5042
2378 475 2459 532 69

531 627 598 690 ln
655 628 1040 710 Prytaneo
1091 648 1275 711 supra
1344 629 1612 693 vidimus
1672 628 1997 692 archontes
2052 646 2267 692 novem
2312 626 2545 690 indica·

356 749 536 813 visse.

529 869 830 934 Omnibus
895 871 993 936 his
1060 873 1303 936 iudiciis
1365 871 1480 935 τὸν
1534 869 1817 955 ἄρχοντα
1874 871 2149 954 βασιλέα
2210 871 2546 954 praefuisse

359 996 630 1075 apparet,
692 995 874 1076 atque
931 993 1061 1058 eins
1119 995 1307 1059 fuisse
1351 993 1427 1057 τὸ
1473 992 1777 1070 δικάζειν,
1826 996 2171 1058 ceterorum
2215 991 2293 1056 τὸ
2342 994 2546 1072 διαγι-

359 1112 700 1191 γνώσκειν.
771 1167 782 1176 .

531 1235 733 1314 Quid?
788 1237 841 1300 si
898 1237 1086 1302 verba
1128 1237 1289 1320 legis
1337 1240 1599 1316 nostrae,
1646 1238 1950 1322 quomodo
2000 1239 2159 1302 inter
2204 1257 2270 1302 se
2314 1257 2549 1302 conexa

362 1358 506 1432 sint,
568 1359 932 1442 diligentius
988 1378 1433 1435 recenseamuS,
1479 1381 1678 1425 nonne
1724 1361 1873 1425 haec
1905 1361 2037 1443 ipsa
2084 1359 2415 1424 adfirmant
2458 1360 2551 1424 iu-

367 1479 528 1543 dicia
572 1479 682 1545 illa
726 1481 839 1545 tali
885 1481 1128 1546 vinculo
1174 1482 1334 1546 inter
1378 1502 1442 1546 se
1488 1483 1810 1548 coniuncta
1840 1482 2071 1546 fuisse?
2110 1481 2327 1546 Nonne
2368 1473 2554 1544 ὅσοι

363 1599 446 1676 ἐξ
499 1597 814 1684 Ἀρείου
858 1601 1118 1682 πάγου
1161 1607 1233 1668 ut
1275 1605 1474 1667 totum
1521 1609 1584 1667 et
1628 1623 1869 1668 summa
1914 1603 1990 1668 iis
2034 1625 2091 1688 q.
2140 1625 2187 1667 s.
2237 1596 2421 1666 ὅσοι
2465 1601 2555 1665 ἐκ
2662 1691 2668 1700 .

364 1723 514 1786 τῶν
557 1721 862 1805 ἐφετῶν
905 1716 952 1810 ἢ
993 1723 1078 1787 ἐκ
1112 1726 1628 1809 Πρυτανεῖον
1674 1727 2109 1810 opponuntur?

531 1845 746 1928 Itaque
793 1846 887 1910 lex
933 1849 1142 1911 nostra
1185 1847 1428 1919 Solonis
1471 1849 1813 1914 sententiae
1858 1848 1955 1912 illi
2004 1867 2124 1911 non
2174 1848 2555 1922 adversatur,

368 1986 549 2048 quam
598 1984 736 2030 cum
785 1967 1020 2050 alios¹)
1065 1970 1195 2032 turn
1244 1969 1612 2033 Muellerum
1633 1969 1692 2049 2)
1735 1969 1855 2032 iam
1904 1989 2083 2051 saepe
2118 1987 2556 2032 commemora-

365 2089 562 2152 vimus
608 2089 1017 2154 enuntiavisse
1063 2093 1126 2156 et
1173 2111 1356 2174 quam
1402 2091 1681 2174 bangius
1724 2091 1971 2155 uberius
2004 2091 2333 2175 explicavit
2364 2093 2548 2173 atque

367 2210 492 2273 veri
541 2211 805 2274 similem
852 2229 984 2276 esse
1031 2213 1401 2295 probavit³).

542 2528 596 2587 1)
649 2521 724 2576 Ut
747 2529 754 2536 '
777 2520 1054 2585 Luzacum,
1108 2523 1431 2577 Platnernm:
1506 2523 1641 2578 Vide
1688 2540 1844 2594 snpra
1894 2541 1940 2593 p.
1992 2524 2075 2577 14.
2121 2554 2181 2563 —
2222 2523 2439 2578 Platner
2492 2521 2556 2576 de

364 2611 458 2663 illa
503 2611 641 2664 inter
686 2609 905 2680 ephetas
951 2607 1386 2680 Areopagumque
1433 2614 1488 2666 et
1537 2611 1899 2665 coniunctione
1935 2615 1992 2666 et
2029 2610 2331 2666 discrimine
2368 2611 2555 2666 eodem

374 2698 479 2752 fere
516 2697 671 2752 modo
707 2702 866 2767 atque
902 2696 1134 2768 Langius
1170 2699 1440 2768 iudicavit.

547 2805 604 2870 2)
659 2803 1062 2869 Difficultatem,
1085 2822 1240 2874 quam
1259 2806 1340 2860 lex
1359 2805 1563 2860 Solonis
1583 2806 1883 2876 praebebat,
1905 2822 2005 2860 non
2026 2805 2291 2875 expedivit
2308 2805 2545 2860 Mueller.

543 2911 600 2978 3)
647 2908 977 2978 Areopagum
1031 2927 1091 2964 ex
1138 2911 1346 2980 ephetis
1382 2914 1439 2964 et
1473 2912 1813 2966 archontibus
1850 2911 2151 2966 constitisse
2189 2911 2423 2981 Langins
2462 2927 2554 2965 nu·

363 3013 506 3052 mero
560 3013 764 3066 quoque
810 2997 1119 3066 ephetarum
1170 2998 1566 3068 interpretando
1621 2999 1929 3054 confirmare
1986 3001 2203 3053 conatur
2246 3029 2303 3038 -
2353 2998 2390 3052 l.
2427 2998 2461 3053 l.
2500 3016 2552 3068 p.

373 3085 576 3138 18-23
624 3115 670 3123 —
719 3084 912 3138 Censet
959 3085 1099 3138 enim
1156 3085 1338 3140 eodem
1396 3090 1651 3157 tempore,
1706 3104 1807 3158 quo
1842 3091 2041 3142 'hovem
2076 3087 2355 3141 archontes
2390 3087 2551 3140 annui

365 3174 770 3227 instituerentur
816 3175 883 3240 (a.
923 3173 1026 3226 683
1063 3177 1184 3228 ante
1223 3173 1346 3228 Chr.
1382 3179 1476 3242 n.)‚
1525 3179 1823 3229 senatorum
1870 3191 2147 3229 numerum
2186 3175 2263 3229 ita
2300 3175 2553 3229 constitu·

366 3264 480 3313 tum
515 3277 642 3324 esse,
675 3263 734 3313 ut
759 3259 1032 3330 sexaginta
1057 3260 1393 3331 eligerentur,
1419 3264 1564 3332 quini
1591 3263 1713 3317 deni
1734 3281 1760 3317 e
1782 3263 2003 3333 singulis
2023 3263 2261 3317 tribubus
2284 3259 2547 3331 (φυλαῖς)

367 3349 618 3402 Detracto
666 3363 881 3402 numero
929 3364 1114 3402 novem
1162 3350 1470 3404 archontum
1517 3352 1678 3405 ceteii
1734 3351 2120 3422 quinquaginta
2155 3367 2287 3404 unus
2325 3352 2550 3416 restant,

367 3436 457 3505 qni
493 3439 577 3490 est
611 3453 856 3490 numerus
893 3436 1220 3504 ephetarnm.
1589 3455 1593 3459 ·

541 3523 657 3586 Sed,
716 3542 1029 3596 quamquam
1084 3527 1292 3580 constat
1335 3524 1554 3594 ephetas
1589 3543 1726 3580 anno
1764 3527 1926 3590 409χὸ
1964 3526 2344 3596 quinquaginta
2382 3543 2542 3578 unum

369 3611 547 3679 fuisse,
584 3610 648 3665 de
684 3629 898 3668 numer-o
935 3630 1130 3678 eorum,
1170 3611 1307 3684 qnod
1343 3611 1410 3709 aci
1445 3612 1745 3682 antiquiora
1782 3619 2017 3683 tempora
2054 3613 2267 3677 attinet,
2294 3613 2426 3666 nihil
2455 3629 2549 3682 pio

367 3701 510 3753 certo
545 3698 812 3754 adfirmari
846 3705 1038 3769 potest.

545 3787 798 3840 Draconis
848 3792 1024 3842 aetate
1060 3789 1280 3858 ephetas
1317 3788 1700 3860 quinquaginta
1739 3803 1897 3840 unum
1934 3787 2093 3842 fuisse
2132 3787 2377 3857 Langius,
2420 3787 2550 3840 Phi-

367 3875 515 3945 lippi,
564 3874 656 3928 alii
695 3877 1008 3940 statuerunt,
1046 3876 1163 3948 lege
1202 3877 1472 3940 DraconiS,
1511 3892 1668 3946 quam
1706 3875 1759 3927 in
1798 3874 1971 3944 lapide
2009 3875 2132 3928 anui
2168 3875 2332 3944 409s8
2371 3892 2547 3930 serva-

367 3968 476 4016 tam
515 3962 783 4025 habemuS‚
820 3963 1002 4016 innixi.

541 4049 641 4103 Sed
679 4066 741 4102 ex
777 4049 874 4104 hac
910 4051 1026 4119 lege
1064 4051 1197 4105 nihil
1231 4050 1373 4104 aliud
1412 4050 1664 4105 concludi·
1689 4057 1865 4123 potest
1902 4054 2001 4107 nisi
2040 4069 2174 4106 anuo
2210 4051 2371 4116 409s8
2392 4050 2551 4120 ephe-

365 4143 447 4191 tas
484 4137 866 4210 quinquaginta
902 4155 1060 4191 unum
1101 4139 1275 4194 fuisse.
1349 4139 1576 4203 Etenim,
1615 4140 1661 4193 si
1698 4157 1941 4195 numerus
1966 4146 2087 4212 post
2113 4141 2407 4194 Draconem
2435 4155 2549 4193 mu-

365 4228 510 4279 tatus
565 4228 652 4292 sit,
709 4225 834 4294 quid
881 4229 962 4279 est
998 4242 1088 4280 cur
1115 4228 1228 4281 fieri
1265 4231 1496 4298 potuisse
1533 4245 1797 4297 nego-efflue,
1838 4233 1896 4282 ut
1932 4246 2177 4283 numerus
2214 4231 2449 4286 mutatus
2490 4227 2541 4283 in

364 4313 479 4384 lege
516 4314 912 4384 insculperetur,
949 4314 1110 4368 etiarn
1147 4316 1192 4368 si
1229 4319 1406 4370 cetera
1444 4315 1580 4386 legis
1616 4315 1775 4370 verba
1812 4314 2183 4375 servarentur?
