3242 5042
812 435 851 492 4

897 585 1235 649 Draconem
1303 583 1524 648 deinde
1594 585 2006 650 mutationem
2076 585 2383 668 quandam
2442 587 2654 652 fecisse
2696 588 2913 653 iudicii

721 704 1120 788 ophetarum:
1166 706 1302 786 post
1347 703 1413 769 id
1458 704 1622 769 onim
1675 708 1915 788 tempus
1946 723 2138 788 nequo
2170 706 2236 769 in
2268 707 2630 789 ophetarum
2657 727 2908 774 numero

722 826 912 891 fuisso
954 843 1347 908 quemquam,
1397 825 1520 890 nisi
1544 825 1650 908 qui
1681 826 1834 890 civis
1863 828 2020 892 esset
2055 827 2476 905 AtheniensiS,
2512 828 2574 892 ot
2604 829 2682 893 ad
2712 848 2901 894 unum

717 949 781 1012 ot
846 947 1302 1030 quinquaginta
1369 965 1695 1011 numerum
1763 965 1969 1012 eorum
2020 948 2333 1013 redactum
2384 968 2532 1032 osso,
2578 950 2641 1014 ot
2684 968 2783 1014 eos
2826 951 2904 1016 ab

719 1087 843 1133 uno
889 1067 1169 1132 Palladio
1214 1066 1292 1132 ad
1337 1066 1573 1148 reliqua
1617 1067 1693 1132 do
1735 1069 1913 1134 caedo
1957 1069 2089 1134 fora
2134 1087 2260 1134 osse
2305 1069 2620 1134 traductos
2638 1072 2701 1154 ¹).
2759 1070 2903 1136 Pol-

720 1189 920 1254 lucem
969 1188 1170 1253 adfert
1216 1187 1390 1266 VIII,
1444 1189 1561 1252 125
1588 1190 1657 1270 ²).

891 1307 1279 1391 Quamquam
1321 1308 1639 1374 Pollucem
1689 1309 1925 1393 laudat,
1969 1312 2181 1376 tamen
2220 1310 2465 1376 omittit
2496 1312 2655 1395 quod
2686 1311 2905 1377 Pollux

717 1430 790 1494 ἐν
833 1438 971 1502 τοῖς
1016 1433 1260 1494 πέντε
1303 1429 1748 1516 δικαστηρίοις
1789 1441 2249 1496 commemorat.
2338 1430 2439 1496 Sic
2484 1433 2651 1497 onim
2698 1433 2903 1516 pergit

716 1551 851 1636 sig.
897 1551 1020 1634 111,
1065 1570 1194 1633 cap.
1241 1553 1313 1616 3:
1407 1525 1413 1540 '

891 1673 1142 1753 ”ltaque
1190 1670 1258 1737 in
1303 1672 1811 1754 Harpocrationis
1854 1674 1916 1740 ot
1961 1671 2183 1739 Suidao
2224 1674 2688 1738 commentariis
2733 1692 2902 1756 rope·

643 1859 648 1862 .
716 1795 881 1860 ritur
925 1793 1178 1877 ephotas
1223 1793 1290 1859 in
1333 1794 1729 1876 quattuor,
1788 1794 1865 1858 do
1920 1793 2145 1876 quibus
2188 1813 2372 1877 supra
2416 1794 2704 1875 diximuS,
2754 1794 2905 1858 foris

715 1915 1049 1999 Prytaneo,
1097 1913 1402 1992 Palladio,
1449 1914 1783 1997 Delphinio
1825 1916 1892 1980 et
1934 1914 2259 1980 Phreattio
2302 1915 2376 1979 de
2406 1916 2707 1999 sanguine
2737 1915 2901 1980 iudi-

710 2055 880 2102 casse
925 2055 1111 2118 eaque
1154 2035 1516 2118 ophetarum
1561 2037 1695 2100 fora
1741 2037 1953 2102 vocata
1996 2036 2175 2101 esso”.

890 2157 1210 2222 ”Solonem
1263 2159 1472 2222 autem
1519 2157 1584 2240 (1.
1632 2156 1675 2220 1.
1724 2156 1907 2240 paulo
1950 2156 2160 2239 infra),
2217 2175 2589 2240 quamquam
2654 2175 2903 2240 areopa-

711 2279 884 2362 gitas
922 2277 1178 2360 ophetis,
1225 2281 1296 2342 ut
1340 2278 1546 2359 inquit
1591 2277 1836 2354 Pollux,
1880 2277 1958 2342 ad
2007 2295 2217 2342 eorum
2264 2278 2728 2360 deprimendam
2758 2295 2901 2342 auc-

711 2400 1040 2465 toritatem
1085 2397 1452 2481 opposuit,
1497 2399 1710 2463 tamon
1756 2399 1899 2464 haec
1943 2397 2151 2464 omnia
2192 2399 2667 2481 comprobasso”.

889 2519 1145 2585 Iudiciis
1210 2518 1541 2602 praefuisse
1583 2523 1788 2584 conset
1841 2521 1951 2584 aut
1997 2538 2167 2605 roges
2211 2523 2321 2585 aut
2362 2539 2569 2585 eorum
2620 2520 2901 2598 ”amicoS,

707 2642 822 2724 qui
888 2640 1117 2706 Graece
1183 2639 1637 2725 φιλοβασιλεῖς
1698 2640 2093 2706 dicebantur”
2170 2645 2304 2724 (pro
2372 2640 2863 2725 φυλοβασιλεῖς)
2884 2690 2898 2717 ,

715 2765 759 2828 l.
808 2764 851 2827 l.
902 2765 948 2840 Ι,
992 2782 1118 2845 cap.
1169 2764 1227 2826 3.

889 2885 1100 2949 Etiam
1155 2883 1546 2967 Areopagum
1607 2884 1791 2966 putat
1846 2881 2139 2967 Sigonius
2182 2903 2217 2949 a
2262 2903 2477 2968 regum
2524 2884 2905 2966 temporibus

713 3004 1114 3088 repetendum
1157 3023 1304 3082 osse,
1327 3005 1379 3082 ³)

715 3195 812 3248 ciis
869 3195 1172 3263 praeessent
1227 3193 1484 3246 rationem
1522 3197 1578 3246 ot
1613 3195 1848 3246 veterem
1895 3208 2075 3245 eorum
2122 3192 2433 3246 iudiciorum
2472 3192 2899 3246 consuetudinem

713 3283 960 3352 pertinet,
1016 3282 1152 3336 nihil
1190 3298 1312 3335 sane
1361 3280 1491 3334 mihi
1538 3281 1731 3350 legisse
1770 3281 1964 3346 videor,
2004 3281 2106 3334 nisi
2141 3281 2279 3349 quod
2316 3283 2500 3336 scribit
2537 3280 2899 3350 Harpocratio,

715 3371 768 3423 in
807 3368 1084 3439 Areopago
1122 3368 1483 3438 Areopagitae,
1521 3369 1575 3421 in
1613 3367 1853 3422 Palladio
1879 3367 2111 3438 Ephetas
2136 3368 2419 3424 iudicasse:
2458 3369 2691 3438 Ephotas
2720 3375 2897 3422 autom

711 3461 925 3512 centum
965 3457 1114 3525 (sicl)
1154 3455 1503 3510 Athenienses
1539 3461 1854 3525 centumque
1894 3457 2045 3524 (sici)
2084 3457 2309 3526 Argivos
2345 3457 2469 3510 illos
2504 3457 2681 3519 fuisse,
2708 3458 2799 3526 qui
2824 3457 2899 3509 in·
2980 3491 2984 3496 -

710 3547 982 3601 consultae
1029 3545 1204 3599 caedis
1258 3545 1427 3599 causis
1483 3545 1831 3614 cognoscendi
1884 3544 2138 3613 praefecti
2187 3548 2358 3598 sunt».
2434 3542 2524 3599 Cfr
2558 3545 2657 3606 ΙΙΙ,
2698 3561 2809 3615 cap.
2850 3546 2899 3598 3.

889 3635 948 3698 1)
1003 3631 1112 3702 Sig.
1151 3633 1186 3685 1.
1223 3631 1261 3688 l.
1296 3630 1393 3696 III,
1442 3649 1552 3702 cap.
1591 3633 1651 3685 3:
1714 3651 1762 3686 n.
1792 3673 1801 3682 .
1830 3671 1844 3686 .
1872 3634 2068 3686 maiore
2107 3632 2295 3686 deinde
2332 3633 2649 3687 auctoritato
2684 3633 2898 3702 iureque
2962 3639 2969 3648 “

710 3721 967 3791 ampliore
1013 3739 1044 3774 a
1090 3720 1330 3774 Dracone
1388 3720 1637 3774 instructi
1692 3724 1817 3773 sunt
1868 3719 2153 3790 [ephetae]·
2222 3719 2309 3774 Sic
2354 3721 2492 3775 enim
2539 3721 2792 3783 instituit,
2840 3708 2939 3774 ut‘

713 3827 847 3863 unus
895 3813 950 3863 et
996 3808 1379 3878 quinquaginta
1415 3825 1478 3862 ex
1516 3809 1733 3878 optimis
1769 3808 2108 3878 eligerentur,
2146 3808 2253 3877 qui,
2294 3813 2353 3862 ut
2388 3809 2566 3878 prodit
2602 3809 2803 3870 Pollux,
2842 3810 2898 3862 in

708 3899 841 3953 foris
881 3895 1196 3968 capitalibus
1232 3895 1538 3950 iudicarent.
1611 3895 1689 3950 Ex
1726 3911 1829 3965 quo
1864 3895 2154 3950 existimari
2180 3900 2361 3962 potest
2384 3897 2735 3950 Athenienses
2760 3897 2897 3951 solos

705 3985 779 4040 ad
815 3985 1148 4040 iudicandum
1185 3983 1250 4038 ab
1287 4000 1348 4038 eo
1385 3987 1637 4047 retentos,
1676 3985 1899 4054 Argivos
1934 3988 2112 4037 autem
2150 3984 2469 4054 repudiatOS,
2492 3986 2813 4055 ophetasqne
2832 3985 2896 4038 ab

709 4060 814 4128 uno
851 4073 1092 4128 Palladio
1129 4073 1196 4126 ad
1234 4073 1438 4141 reliqua
1474 4071 1538 4126 do
1577 4073 1735 4127 caede
1770 4072 1884 4127 fora
1920 4089 2033 4127 esse
2070 4072 2390 4128 traductos».

887 4164 942 4222 2>
997 4161 1133 4215 Vide
1171 4160 1310 4214 infra
1345 4177 1395 4230 p.
1435 4161 1504 4212 10
1589 4157 1592 4162 ’

887 4250 944 4315 3)
1000 4249 1106 4318 Sig.
1161 4249 1196 4302 1.
1255 4249 1288 4302 l.
1344 4248 1384 4310 1,
1435 4265 1549 4318 cap.
1597 4250 1659 4302 3:
1714 4251 2079 4318 »Areopagum
2135 4249 2361 4318 Cecrops
2415 4249 2585 4302 maior
2634 4249 2893 4302 instituit.

706 4339 936 4393 Eusebio
983 4339 1122 4391 onim
1159 4337 1237 4390 ita
1272 4337 1524 4390 scribenti
1561 4337 1737 4406 potins
1773 4336 2031 4391 assentior
2066 4352 2222 4406 quam
2240 4338 2347 4446 ‘'is,
2384 4319 2515 4406 quos
2552 4336 2738 4390 scribit
2773 4337 2895 4390 Plu.-
