3242 5042
1730 1281 1841 1347 VI.

721 1437 913 1541 Quae
949 1439 1064 1542 ‘sit
1115 1457 1625 1520 nauci-avorum
1682 1441 1880 1540 origo
1936 1443 2013 1523 et
2064 1459 2417 1555 quaenam·
2463 1443 2647 1524 inter
2699 1463 2832 1524 eos

1038 1582 1485 1683 ephetasque
1538 1583 1940 1664 coniunctio
1997 1584 2515 1665 intercesserit.

649 1883 654 1888 .
859 1793 1044 1877 Apud
1073 1794 1459 1862 Herodotum
1493 1835 1566 1844 -—
1606 1796 1685 1879 V,
1719 1799 1795 1862 71
1824 1835 1902 1844 --
1929 1798 2223 1882 prytanes
2244 1813 2681 1862 naucrarorum
2708 1813 2877 1860 com-

686 1914 1128 1980 memorantur.
1221 1915 1311 1981 Iis
1367 1917 1767 2000 temporibus,
1825 1917 2050 2000 quibus
2095 1915 2367 2001 Cylonea
2408 1916 2633 1982 seditio
2672 1933 2878 1981 exore-

688 2034 882 2114 retur‚
939 2053 1038 2100 eos
1104 2036 1194 2102 rei
1258 2037 1540 2121 publicae
1597 2036 1930 2118 praefuisse
1987 2037 2202 2101 narrat
2224 2037 2289 2112 ¹).
2380 2035 2513 2103 Hoc
2576 2056 2700 2102 uno
2744 2036 2879 2102 loco

687 2155 963 2220 veterum
1007 2157 1380 2240 scriptorum
1421 2156 1707 2223 naucrari
1750 2157 1897 2222 ante
1940 2155 2181 2222 Solonis
2223 2157 2491 2222 aetatem
2522 2156 2715 2221 fuisse
2742 2157 2875 2221 tra-

689 2275 944 2341 duntur.
1031 2274 1162 2355 Quo
1229 2278 1588 2344 testimonio
1653 2277 1783 2342 nixi
1850 2277 2261 2343 recentiorum
2328 2277 2696 2361 scriptorum
2738 2287 2877 2360 per-‘-

687 2396 878 2460 multi
930 2397 1298 2462 censuerunt
1353 2415 1679 2462 naucreros
1735 2396 1834 2461 vel
1888 2400 2179 2480 prytanes
2223 2415 2662 2463 naucrarorum
2708 2415 2880 2461 sena-

685 2517 850 2582 tores
893 2517 1184 2600 antiquae
1227 2515 1318 2581 rei
1361 2516 1644 2600 publicae
1684 2517 1875 2582 fuisse
1888 2519 1960 2600 ²).

861 2637 1033 2704 Inter
1077 2637 1220 2702 illos
1263 2637 1586 2720 scriptores
1628 2637 1779 2703 duos
1822 2638 2001 2722 elegi,
2047 2656 2306 2721 quorum
2330 2636 2669 2703 sententias
2696 2653 2879 2718 expo·

684 2777 913 2834 nerem,
961 2759 1033 2823 ut
1077 2758 1417 2842 appareret.
1461 2776 1582 2841 quo
1622 2758 1803 2824 modo
1846 2759 1967 2824 sibi
2009 2759 2477 2824 naucrariarum
2509 2755 2879 2822 institutum

869 2963 924 3028 1)
980 2961 1174 3017 Herod.
1214 2963 1278 3026 V,
1315 2964 1410 3016 71:
1450 3000 1465 3015 .
1506 3000 1520 3016 .
1560 3000 1575 3015 .
1617 2958 1678 3016 οἱ
1708 2964 2002 3036 πρυτάνιες
2035 2963 2149 3016 τῶν
2185 2961 2530 3037 ναυκράρων,
2571 2959 2631 3016 οῗ
2649 2980 2756 3034 περ
2779 2961 2885 3015 ἔνι·

687 3068 795 3117 μον
830 3047 956 3103 τότε
992 3051 1092 3105 τὰς
1121 3046 1402 3116 Ἀθήνας.
2502 3025 2561 3070 χ

870 3157 928 3221 2)
984 3153 1058 3210 Ut
1093 3152 1332 3210 Schoem.
1380 3154 1528 3218 1838,
1565 3173 1614 3226 p.
1657 3156 1756 3206 172
1794 3171 1889 3224 sq.:
1928 3153 2234 3217 Nauorum&
2272 3155 2458 3226 quales
2494 3155 2691 3209 fuerint
2708 3169 2879 3224 quove

689 3247 925 3312 tempore
978 3243 1234 3307 instituti,
1281 3243 1496 3298 etiamsi
1548 3257 1735 3313 parum
1788 3245 2015 3306 constet,
2070 3247 2249 3298 temen
2285 3247 2489 3298 certum
2525 3259 2638 3296 esse
2674 3243 2781 3296 iem
2818 3257 2880 3296 eo

689 3333 942 3402 tempore,
979 3347 1082 3401 qno
1118 3330 1285 3401 Cylon
1321 3347 1482 3384 novas
1518 3347 1600 3386 res
1638 3334 1888 3393 moveret,
1926 3330 2151 3386 Athenis
2186 3331 2365 3386 fuisse.
2424 3331 2721 3386 Naucraros
2756 3344 2879 3401 pro·

689 3419 863 3474 babile
919 3418 1090 3474 videri
1143 3419 1320 3489 plures
1365 3418 1691 3488 singularum
1737 3419 2126 3472 naucrsriarum
2163 3419 2457 3488 praefectos
2491 3417 2671 3482 fuisse,
2708 3418 2880 3486 iisque

691 3508 760 3562 48
807 3511 1060 3578 prytanes
1106 3522 1472 3561 nauel-storum
1519 3505 1824 3576 praefuisse,
1862 3507 2097 3577 singulos
2132 3507 2358 3578 singulis
2396 3507 2697 3561 naucrariis.
2769 3503 2880 3560 Hos

688 3599 940 3668 prytanes
976 3595 1204 3649 alterum
1231 3622 1294 3634 -
1319 3597 1528 3664 praeter
1545 3595 1877 3664 Areopagum
1910 3625 1958 3634 -
1986 3597 2229 3650 senatum
2254 3593 2414 3650 fuisse
2438 3599 2495 3649 et
2518 3599 2575 3648 in
2602 3610 2806 3648 summa
2824 3610 2881 3648 re

694 3683 904 3755 publica
931 3681 1348 3738 administranda
1377 3680 1516 3736 haud
1549 3682 1765 3750 exiguas
1787 3685 1965 3752 partes
1996 3681 2259 3736 habuisse.
2294 3682 2492 3738 Postea
2512 3712 2576 3722 —
2598 3697 2650 3736 v.
2671 3679 2883 3738 Griech.

692 3770 804 3826 Alt.
863 3771 936 3836 1⁸,
993 3788 1041 3840 p.
1095 3769 1200 3824 345
1241 3799 1299 3808 —
1341 3769 1610 3840 paululum
1651 3771 1969 3824 sententiam
2004 3787 2150 3824 suam
2187 3771 2416 3826 mutavit
2453 3772 2546 3832 ita,
2602 3775 2661 3824 ut
2703 3769 2882 3826 crede-

692 3863 775 3916 ret
828 3874 1107 3913 naucraros
1150 3857 1222 3910 48
1263 3856 1631 3911 tantummodo
1677 3857 1839 3912 fnisse
1884 3874 2117 3920 numero,
2172 3874 2391 3928 quorum
2445 3858 2709 3928 principes
2744 3877 2877 3928 πρυ·

688 3945 871 4002 τάνεις
925 3946 1329 4018 appellarentur.
1401 3944 1550 4000 Inter
1607 3948 1855 4015 prytanes
1908 3947 1965 4000 et
2017 3961 2207 4000 novem
2252 3947 2532 4000 archontes
2570 3949 2874 4000 numeratos

690 4053 821 4092 esse.
861 4065 926 4076 -
963 4034 1113 4101 Quod
1147 4033 1216 4089 sd
1251 4035 1464 4104 tempus
1498 4035 1715 4097 attinet,
1754 4049 1857 4103 quo
1894 4034 2197 4088 uaucrariae
2232 4034 2513 4088 institutae
2550 4034 2675 4098 sint,
2702 4037 2881 4089 censet

693 4124 804 4179 veri
858 4123 1186 4179 simillimum
1245 4137 1360 4178 esse
1412 4137 1502 4176 eas
1539 4137 1643 4176 non
1678 4122 1759 4176 ita
1794 4122 1963 4177 multo
1998 4127 2123 4176 ante
2159 4121 2401 4176 Solonem
2436 4122 2713 4176 institutas
2748 4138 2883 4182 esse.

690 4213 814 4282 quie
867 4214 982 4265 tum
1035 4210 1247 4266 demum
1283 4208 1456 4280 longis
1488 4208 1711 4264 navibus
1746 4209 1815 4264 ad
1849 4208 2045 4264 bellum
2084 4209 2391 4282 Megarense
2414 4226 2545 4280 opus
2570 4213 2727 4265 esset.
2790 4208 2887 4266 cfr

692 4297 1222 4370 Verfassungsgesch.
1264 4296 1416 4358 1854,
1456 4313 1506 4366 p.
1545 4297 1630 4351 14.
