3242 5042
769 412 851 470 44

683 562 758 626 ut
804 560 1262 628 Schoemannus
1289 563 1344 645 ¹).
1421 561 1649 652 ‘Nuper
1690 559 2015 628 Gilbertus
2030 563 2079 646 ²)
2122 562 2438 628 ostendere
2479 563 2735 627 conatus
2780 560 2873 624 est

682 700 1012 748 naucraros
1055 703 1094 748 a
1139 682 1358 749 Solone
1402 683 1732 748 institutos
1776 702 1922 750 esse.

856 802 1147 869 Primum
1191 805 1472 870 veterum
1516 805 1886 888 scriptorum
1933 805 2295 872 testimonia
2336 805 2760 888 inspiciamus,

849 924 1202 990 Herodotus
1245 963 1328 974 --
1375 927 1454 1009 V,
1500 929 1576 990 71
1628 964 1711 975 —
1758 946 1899 993 cum
1947 928 2157 1010 paucis
2200 927 2405 993 verbis
2426 925 2869 992 commemorat

669 1047 1036 1112 seditionem
1082 1046 1438 1131 Cyloneam‚
1472 1050 1729 1116 comites
1772 1048 2029 1134 Cylonis
2073 1055 2285 1115 narrat
2314 1049 2392 1115 ad
2423 1067 2593 1114 aram
2629 1047 2696 1113 in
2730 1064 2869 1112 arce

677 1169 979 1251 supplices
1022 1171 1362 1237 consedisse
1403 1173 1466 1237 et
1509 1191 1654 1236 cum
1700 1171 2205 1254 impetravissent
2250 1171 2397 1255 ”pry
2405 1178 2575 1236 tanes
2605 1187 2864 1234 naucra-

676 1291 945 1367 rorum”‚
993 1294 1065 1357 ut
1109 1311 1283 1357 aram
1313 1291 1758 1375 relinquerent,
1792 1293 2026 1358 violata
2055 1292 2175 1358 fide
2206 1292 2431 1358 occisos
2459 1310 2603 1356 esse.
2661 1290 2867 1355 Verba

675 1409 971 1476 Herodoti
1018 1411 1163 1478 haec
1209 1414 1388 1479 sunt:
1432 1413 1703 1486 τούτους
1746 1410 2049 1478 ἀνιστᾶσι
2092 1413 2213 1494 μὲν
2256 1415 2329 1478 οἱ
2357 1411 2706 1498 πρυτάνιες
2733 1414 2863 1474 τῶν

669 1535 1071 1620 ναυκράρων,
1139 1539 1214 1600 οἵ
1273 1546 1400 1621 περ
1467 1537 1701 1618 ἔνεμον
1754 1536 1905 1601 τότε
1957 1535 2070 1610 τὰς
2130 1533 2439 1622 Ἀθήνας,
2494 1533 2861 1615 ὑπεγγύους

674 1657 850 1743 πλὴν
894 1656 1209 1722 θανάτου·
1261 1659 1584 1740 φονεῦσαι
1617 1657 1690 1721 δὲ
1718 1654 1955 1726 αὐτοὺς
1984 1657 2163 1745 αἰτίη
2194 1658 2333 1736 ἔχει
2362 1654 2858 1736 Ἀλκμεωνίδας·

668 1779 871 1866 ταῦτα
917 1777 1051 1863 πρὸ
1096 1780 1214 1865 τῆς
1254 1779 1743 1864 Πεισιστράτου
1788 1776 2045 1867 ἡλικίης
2089 1779 2360 1860 ἐγένετο.

838 1901 931 1965 Ex
990 1901 1092 1966 his
1148 1902 1352 1966 verbis
1396 1903 1653 1985 apparet
1696 1901 2081 1967 Herodotum
2128 1900 2425 1982 accepisse
2466 1898 2853 1964 Alcmaeoni-

669 2025 778 2088 das
835 2024 1018 2108 culpa
1072 2025 1271 2090 teneri
1327 2023 1741 2109 Cyloneorum
1782 2024 2137 2101 occisorum,
2186 2041 2379 2106 neque
2421 2022 2627 2105 ipsum
2670 2020 2747 2085 de
2789 2039 2858 2085 ea

666 2165 733 2211 re
775 2146 869 2211 ita
915 2146 1299 2212 iudicavisse.
1396 2147 1556 2243 Vult
1602 2146 1955 2211 Herodotus
1997 2147 2245 2228 culpam
2276 2145 2343 2209 in
2374 2145 2669 2229 prytanes
2698 2163 2856 2208 nau-

657 2289 974 2335 crarorum
1021 2269 1299 2346 traicere,
1347 2269 1490 2353 ”qui
1535 2273 1677 2334 tum
1721 2289 1853 2334 rem
1896 2269 2213 2352 publicam
2264 2266 2849 2334 administrabant”.

849 2390 1241 2476 Thucydides
1287 2392 1360 2456 de
1404 2390 1516 2457 hac
1545 2392 1680 2476 ipsa
1709 2412 1775 2458 re
1803 2393 1939 2474 post
1958 2391 2355 2478 ‚Herodotum
2392 2389 2641 2454 uberius
2672 2388 2859 2470 scrip-

662 2514 748 2579 sit
793 2551 876 2562 --
924 2514 974 2588 l,
1027 2517 1184 2578 126:
1253 2510 1288 2577 ὃ
1337 2512 1409 2578 δὲ
1455 2511 1696 2599 (Cylon)
1743 2512 1926 2600 παρά
1970 2535 2040 2577 τε
2084 2517 2201 2578 τοῦ
2246 2515 2610 2592 Θεαγένους
2657 2510 2881 2574 &tiva-⁸

665 2658 780 2717 μιν
835 2634 1050 2720 λαβὼν
1094 2633 1204 2699 καὶ
1243 2638 1393 2708 τοῦς
1439 2636 1676 2720 φίλους
1718 2633 2077 2708 ἀναπείσας
2122 2682 2139 2698 .
2187 2683 2201 2698 .
2251 2683 2266 2698 .
2316 2667 2347 2698 .·
2381 2635 2691 2717 κατέλαβε
2736 2632 2854 2720 τὴν

664 2757 1031 2844 άκρόπολιν
1085 2757 1169 2832 ὥς
1212 2758 1328 2824 ἐπὶ
1383 2761 1714 2846 τυραννίδι
1746 2809 1759 2824 .
1805 2807 1819 2822 .
1902 2808 1917 2822 .
1951 2808 1967 2827 .
2004 2809 2015 2822 .
2066 2759 2137 2823 οἱ
2174 2755 2233 2822 δ’
2235 2761 2565 2844 Αθηναῖοι
2610 2755 2852 2827 αἰσθό-

661 2903 849 2962 μενοι
896 2880 1280 2969 ἐβοήθησαν
1323 2903 1394 2946 τε
1439 2881 1773 2968 πανδημεὶ
1818 2881 1890 2945 ἐκ
1934 2883 2062 2946 τῶν
2092 2877 2303 2966 α’γρῶν
2333 2877 2443 2944 ἐπ’
2472 2879 2711 2952 αύτούς
2741 2877 2851 2942 καὶ

663 3001 1274 3086 προσκαθεζόμενοι
1328 3002 1788 3088 ἐπολιόρκουν·
1835 3003 2077 3090 χρόνου
2122 3002 2193 3068 δὲ
2238 3002 2741 3084 ἐπιγιγνομένου
2784 3001 2857 3066 οἱ

661 3121 1010 3210 Ἀθηναῖοι
1065 3102 1456 3211 τρυχόμενοί
1511 3127 1594 3213 τῇ
1651 3127 2050 3211 προσεδρείᾳ
2104 3122 2421 3212 ἀπῆλθον
2478 3124 2550 3188 οἱ
2589 3123 2849 3201 πολλοί,

659 3246 1137 3330 ἐπιτρέψαντες
1187 3255 1326 3320 τοῖς
1369 3247 1554 3312 ἐννέα
1598 3246 1878 3334 ἄρχουσι
1922 3249 2044 3334 τὴν
2089 3247 2393 3335 φυλακὴν
2437 3245 2547 3312 καὶ
2589 3247 2663 3310 τὸ
2712 3249 2849 3310 πᾶν

657 3365 1130 3454 αὐτοκράτορσι
1183 3371 1519 3436 διαθεῖναι
1576 3356 1617 3458 ᾗ
1672 3363 1755 3434 ἄν
1810 3368 2045 3455 ἄριστα
2108 3369 2646 3452 διαγιγνώσκωσι·
2693 3368 2844 3434 τότε

655 3489 727 3556 δὲ
781 3491 860 3554 τὰ
916 3491 1130 3556 πολλὰ
1185 3494 1312 3556 τῶν
1367 3493 1725 3557 πολιτικῶν
1778 3493 1852 3558 οἱ
1905 3493 2088 3557 ἐννέα
2133 3491 2440 3576 ἄρχοντες
2483 3493 2840 3578 ἔπρασσον·

657 3613 729 3676 οἱ
767 3612 838 3678 δὲ
878 3614 1040 3695 μετὰ
1085 3617 1203 3678 τοῦ
1252 3613 1552 3688 Κύλωνος
1596 3615 2148 3700 πολιορκούμενοι
2196 3614 2504 3698 φλαύρως
2532 3607 2713 3696 εἶχον
2743 3618 2845 3679 σί·

654 3758 773 3798 του
816 3757 886 3799 τε
930 3735 1038 3799 καὶ
1085 3729 1317 3808 ὕδατος
1361 3732 1629 3822 ἀπορίᾳ.
1676 3735 1711 3800 ὃ
1757 3737 1880 3819 μὲν
1922 3727 2041 3803 οὖν
2084 3737 2316 3802 Κύλων
2349 3735 2459 3802 καὶ
2488 3734 2527 3802 ὃ
2560 3733 2845 3820 ἀδελφὸς

653 3852 856 3920 αὐτοῦ
902 3857 1458 3942 ἐκδιδράσκουσιν·
1506 3859 1578 3924 οἶ
1615 3854 1883 3946 δ’ἄλλοι,
1920 3857 2003 3932 ὥς
2033 3859 2367 3936 ἐπιέζοντο
2399 3861 2513 3925 καί
2543 3882 2705 3934 τινες
2734 3859 2843 3924 καὶ

652 3973 1087 4065 ἀπέθνησκον
1129 3977 1266 4044 ὑπὸ
1312 3982 1429 4045 τοῦ
1474 3982 1692 4063 λιμοῦ,
1738 3983 2127 4058 καθίζουσιν
2166 3980 2282 4047 ἐπὶ
2311 3981 2427 4046 τὸν
2456 3982 2678 4070 βωμὸν
2710 3983 2840 4048 ἱκέ-

825 4169 882 4234 1)
939 4168 1073 4223 Vide
1110 4185 1226 4239 pag.
1265 4168 1350 4232 38,
1390 4186 1439 4223 n.
1479 4171 1528 4224 2.

823 4256 879 4320 2)
944 4255 1168 4322 Gilbert,
1210 4257 1272 4312 N.
1313 4256 1366 4312 J.
1403 4257 1556 4314 1875.
1595 4275 1647 4328 p.
1684 4257 1874 4313 9-20.
