3242 5042
2370 481 2449 538 67

515 637 726 719 Itaque
774 636 888 699 hoe
934 634 1059 699 fere
1107 634 1288 698 modo
1335 632 1616 698 lacunam
1665 632 2029 716 explendam
2079 652 2215 698 esse
2262 634 2537 717 Langius

347 757 592 820 censet:

748 872 856 938 καὶ
902 872 1037 958 πρὸ
1084 871 1205 953 μὲν
1247 875 1376 936 τῶν
1419 870 1725 944 Σόλωνος
1771 844 1993 952 νόμουν

747 989 912 1083 [ἅμα
961 994 1254 1071 ἐδίκαζον
1298 991 1368 1056 ἐν
1416 993 1507 1078 τῷ
1551 993 1947 1075 πρυτανείῳ,

746 1111 1021 1202 ὕστερον
1063 1115 1136 1181 δὲ
1179 1117 1308 1180 τῶν
1351 1113 1656 1184 Σόλωνος
1697 1113 1949 1198 νόμων]

745 1235 866 1302 οὐκ
907 1238 1059 1324 ἐξῆν
1103 1235 1323 1307 αὐτοῖς
1367 1228 1846 1315 ἅμαδικάζειν.

345 1358 536 1422 Credo
584 1377 720 1422 cum
769 1361 1004 1443 Langio
1051 1355 1551 1425 consentiendum
1599 1374 1733 1420 esse
1778 1356 1893 1420 hoo
1928 1358 2088 1440 apud
2122 1358 2374 1425 Suidam
2401 1362 2535 1426 loeo

345 1480 761 1563 significatum
811 1501 942 1547 esse
992 1483 1132 1546 ante
1178 1477 1463 1544 Solonem
1509 1478 1836 1542 archontes
1866 1478 2097 1542 iudicia
2128 1481 2536 1547 communiter

344 1601 688 1666 exercuisse
708 1602 775 1678 ¹).
869 1572 1040 1680 Quod
1111 1597 1182 1661 ἐν
1245 1598 1337 1680 τῷ
1396 1598 1779 1682 Πρυτανείῳ
1832 1635 1908 1646 --
1958 1599 2032 1664 de
2093 1599 2533 1666 interclusione

343 1723 453 1786 illa
491 1721 566 1785 τὸ
614 1721 686 1786 δὲ
730 1710 810 1810 ἦν
855 1718 1143 1806 πλησίον
1185 1719 1305 1781 τοῦ
1350 1721 1761 1804 Πρυτανεῖον
1792 1721 2101 1800 admonet,
2134 1741 2206 1786 ex
2237 1740 2357 1813 qua
2388 1739 2532 1785 eon-

341 1843 538 1908 eludit
605 1848 1011 1925 Πρυτανεῖον
1077 1843 1258 1905 antea
1323 1842 1870 1906 commemoratum
1928 1860 2061 1906 esse
2120 1879 2201 1930 .···
2263 1843 2531 1907 adicien-

343 1963 494 2028 dum
540 1984 674 2029 esse
718 1965 946 2046 censet,
993 1963 1056 2026 id
1103 1980 1294 2045 aeque
1337 1965 1571 2026 eertum
1617 1981 1736 2026 non
1784 1961 2041 2027 videtur.

513 2086 604 2148 Ae
640 2065 734 2156 'fine
794 2084 939 2168 quid
998 2085 1400 2166 praeteream,
1460 2101 1579 2166 quo
1605 2083 1854 2146 'rectius
1899 2081 1995 2147 lex
2040 2084 2253 2148 nostra
2297 2083 2532 2149 intelli-

345 2210 548 2289 gatur,
619 2207 1008 2289 perspicuum
1079 2205 1172 2267 est
1234 2203 1486 2267 verbum
1555 2204 2144 2274 καταδικασθέντες
2202 2203 2277 2267 ad
2327 2205 2535 2268 omnia
2588 2219 2595 2228 ·

347 2328 468 2391 tria
531 2326 862 2391 dicasteria
928 2325 1236 2409 pertinere
1305 2323 1575 2408 itemque
1619 2321 1758 2388 ὑπὸ
1806 2324 1933 2387 τῶν
1978 2323 2333 2406 βασιλέωνς
2388 2325 2535 2390 talis

345 2448 509 2513 enim
556 2449 652 2511 est
698 2448 844 2512 ordo
891 2445 1215 2508 verborum
1236 2445 1310 2528 2).
1366 2429 1556 2522 Quod
1605 2446 1659 2510 si
1704 2464 1801 2509 res
1848 2465 1912 2508 se
1958 2445 2047 2509 ita
2093 2443 2306 2520 habet,
2352 2445 2536 2527 plane

348 2589 701 2653 perversum
770 2565 1012 2633 videtur
1077 2564 1430 2629 exifftimare
1483 2603 1560 2614 —
1607 2567 1672 2631 id
1724 2566 1885 2650 quod
1941 2566 2235 2650 permulti
2290 2571 2537 2632 eonten-

347 2691 569 2755 derunt
611 2727 694 2738 -—
739 2687 942 2754 verbis
999 2685 1136 2750 ὑπὸ
1181 2686 1310 2748 τῶν
1353 2686 1677 2769 βασιλέων
1722 2689 2011 2772 quattuor
2057 2686 2199 2751 illos
2246 2686 2535 2771 φυλοβα-

345 2809 548 2881 σιλεῖς
593 2808 977 2892 significari,.
1008 2827 1268 2891 quorum
1321 2805 1453 2870 leve
1499 2807 1695 2890 apud
1743 2811 2115 2894 Prytaneum
2160 2807 2351 2870 fuisse
2398 2827 2533 2870 mu-

345 2949 457 2994 nus
503 2930 746 2994 constat
773 2927 867 3008 ,τά
911 2926 1146 3014 ἄψυχα
1191 2926 1596 2993 condemnata
1640 2935 1810 2994 trans
1840 2929 2021 2994 finem
2055 2927 2531 3011 transportandi.

351 3048 829 3134 Φυλοβασιλεῖς
881 3051 1041 3114 enim
1104 3049 1300 3133 apud
1346 3049 1745 3134 Prytaneum‚
1791 3068 1908 3113 non
1954 3050 2025 3113 in
2069 3050 2375 3133 Prytaneo
2424 3048 2531 3112 ad·-

351 3171 535 3236 fuisso
595 3174 868 3248 constat3
939 3189 1131 3254 neque
1189 3169 1486 3234 traditum
1537 3170 1631 3234 est
1676 3189 1780 3234 eos
1826 3187 1964 3234 eum
2011 3170 2251 3254 ephetis
2297 3169 2357 3234 in
2406 3168 2533 3232 ullo

492 3395 574 3465 ·l)
628 3393 865 3448 Sehoem.
911 3394 944 3447 1.
983 3393 1018 3446 l.
1057 3411 1104 3464 p.
1143 3393 1274 3449 43⁷:
1329 3393 1464 3447 »Ein
1519 3392 1935 3462 collegialisehes
1988 3391 2279 3446 Verfahren
2331 3393 2383 3446 in
2443 3409 2529 3462 ge·

343 3483 530 3537 wissen
567 3481 882 3537 Geschaften
919 3481 993 3535 ist
1027 3481 1188 3536 ihnen
1233 3496 1325 3535 vor
1360 3479 1515 3535 Solon
1551 3482 1741 3551 gewiss
1777 3481 1926 3535 nicht
1963 3480 2225 3535 verwehrt
2260 3497 2515 3550 gewesen,

343 3569 566 3624 sondern
604 3570 698 3623 hat
733 3570 870 3623 wohl
909 3569 1032 3623 eher
1069 3569 1202 3624 noch
1236 3568 1474 3639 hiiufiger
1511 3568 1910 3638 stattgefnnden
1946 3568 2025 3622 als
2064 3570 2255 3637 spinet,
2295 3583 2373 3622 wo
2412 3567 2522 3622 sich

343 3673 440 3710 nur
475 3657 646 3727 wenig
681 3657 1016 3726 dergleichen
1059 3657 1390 3711 nachweisen
1426 3657 1606 3710 lasst».

521 3764 580 3830 2)
634 3747 846 3816 Primus
863 3763 962 3816 hoe
979 3762 1253 3817 admonuit
1277 3761 1661 3830 Kayemannus,
1688 3763 1767 3816 De
1794 3763 1996 3832 origine
2022 3761 2347 3832 ephetarum‚
2375 3760 2527 3815 1823.

351 3881 412 3892 -
449 3849 719 3920 Philippio
753 3853 866 3902 tum
905 3851 1144 3920 contigit,
1183 3854 1243 3903 ut
1279 3851 1413 3904 hano
1449 3850 1767 3905 sententiam
1804 3851 2069 3920 plerisque
2088 3849 2353 3918 probaret.
2395 3847 2531 3900 1872

345 3939 548 4006 (1874).
592 3970 652 3978 -
693 3937 1079 4004 Sehoemannus
1115 3941 1290 3992 autem
1327 3938 1393 3992 N.
1428 3939 1480 3993 J.
1511 3940 1664 4003 1875,
1703 3957 1753 4008 p.
1796 3939 1919 3991 163:
1960 3937 2129 3991 »Dass
2166 3936 2250 3990 die
2288 3933 2393 3988 ὑπὸ
2418 3934 2531 3986 τῶν

340 4024 610 4097 βασιλέων
645 4021 1139 4081 καταδικασθέντες
1177 4026 1274 4079 mir
1312 4028 1408 4081 wie
1441 4025 1609 4082 Ihnen
1648 4044 1745 4080 nur
1780 4026 1867 4080 die
1903 4026 1976 4079 im
2015 4025 2347 4094 Prytaneion‚
2376 4024 2525 4077 nicht

346 4114 468 4167 aber
505 4113 588 4168 die
627 4111 720 4180 aust*
753 4112 870 4166 dem
909 4115 1150 4183 Areopag
1187 4114 1312 4168 oder
1348 4130 1446 4168 von
1485 4115 1586 4168 den
1623 4113 1865 4184 Epheten
1903 4113 2287 4168 verurtheilten
2326 4128 2387 4165 zu
2414 4110 2525 4164 sein

343 4202 604 4265 soheinen,
643 4199 764 4254 darf
794 4201 882 4254 ioh
915 4202 1016 4254 wol
1052 4203 1128 4254 als
1166 4202 1689 4256 selbstverstandlich
1728 4202 2007 4259 ansehenn·
2064 4200 2164 4254 Sed
2202 4216 2293 4254 eur
2317 4199 2415 4254 hoc
2433 4216 2527 4269 per

346 4307 402 4344 se
438 4291 786 4360 intelligatur,
823 4304 924 4342 non
962 4288 1126 4346 video.
