3242 5042
791 383 868 440 26

707 533 1074 617 αἱρείσθων
1117 533 1372 616 ephetae
1413 533 1538 598 dici
1588 535 1942 600 viderentur
1986 533 2365 622 ἀριστίνδην
2408 537 2786 619 αἱρεθέντες
2820 574 2899 584 ---
3002 608 3021 632 t

705 655 783 719 ad
829 654 1135 737 Philippii
1155 655 1204 737 ι)
1249 655 1857 738 argumentationem
1902 657 2308 721 transeamus.

877 774 1164 838 Primum
1221 775 1420 858 igitur
1478 775 1590 841 ille
1643 776 2116 850 animadvertit,
2172 773 2433 859 praeter'
2459 777 2573 842 illa
2618 778 2895 842 Pollucis

706 895 912 968 verba,
983 895 1146 960 nihil
1213 896 1436 960 testari
1501 896 1753 978 ephetas
1809 917 2004 962 unum
2062 899 2126 962 et
2182 898 2639 982 quinquaginta
2686 899 2893 976 fuisse,

707 1016 829 1080 nisi
897 1016 1097 1098 legem
1165 1016 1378 1094 illam,
1447 1035 1601 1098 quae
1656 1019 1719 1080 et
1772 1019 1933 1100 apud
2008 1018 2460 1084 Pseudo-Dem.
2528 1020 2665 1084 adv.
2734 1019 2894 1086 Mac.

705 1139 767 1202 e't
812 1137 878 1200 in
927 1136 1131 1219 lapide
1176 1137 1289 1202 illo
1333 1138 1562 1213 exstet3

877 1258 1098 1322 deinde
1151 1258 1469 1324 Pollucem
1531 1259 1823 1356 admonet
1876 1261 2087 1324 eodem
2145 1262 2273 1326 loco
2326 1262 2898 1326 commemoravisse

703 1379 1066 1462 ophetarum
1123 1399 1452 1445 numerum
1507 1381 1657 1464 (LI)
1708 1381 1891 1463 atque
1935 1400 2033 1446 eos
2080 1377 2461 1468 ἅριστίνδην
2515 1383 2901 1464 αἱρεθέντας

699 1500 912 1582 fuisse,
971 1500 1156 1583 idque
1211 1501 1454 1582 praeter
1511 1500 1829 1566 Pollucem
1888 1502 2067 1568 nobis
2110 1503 2320 1568 eadem
2366 1504 2484 1568 duo
2528 1504 2903 1588 exemplaria

707 1621 861 1704 legis
907 1622 1036 1685 9919
1080 1622 1412 1686 tradidisse
1439 1661 1516 1668 --
1553 1642 1741 1704 quam
1788 1623 1864 1688 ob
1909 1642 2039 1688 rem
2086 1623 2251 1689 inter
2296 1643 2395 1690 999
2440 1625 2599 1689 19999
2644 1625 2899 1689 9991919-
2972 1598 2975 1601 ’

707 1744 835 1806 19111
883 1743 1193 1825 quandam
1241 1743 1625 1826 singularem
1672 1744 2047 1812 intercedere
2090 1745 2525 1827 suspicandum
2570 1765 2727 1821 9999;

877 1865 1018 1928 111111
1083 1864 1248 1928 1111119
1313 1882 1605 1929 conexum
1668 1866 1873 1929 multo
1939 1865 2231 1932 artiorem
2295 1866 2494 1932 videri
2550 1866 2902 1932 differentia

707 1985 842 2066 ipsa
887 1985 1230 2066 observata,
1277 2005 1430 2067 quae
1474 1986 1642 2050 inter
1688 1986 2003 2052 Pollucem
2050 1987 2113 2050 et
2147 1986 2347 2069 1989111
2378 1987 2683 2080 ¹interesse
2728 1987 2901 2052 vide-

709 2107 852 2168 atur
901 2144 978 2152 —
1025 2125 1162 2171 eam
1210 2107 1464 2186 scilicet,
1511 2108 1672 2190 quod
1717 2107 1942 2172 Pollux
1983 2109 2189 2172 censet
2232 2108 2482 2189 ephetas
2528 2108 2717 2172 fuisse
2761 2103 2897 2190 α’ρι-

709 2227 975 2312 στίνδην
1019 2229 1262 2299 electos,
1312 2231 1405 2292 lex
1449 2229 1659 2292 autem
1704 2228 2025 2310 praecipit,
2070 2230 2143 2292 ut
2185 2229 2441 2310 ephetae
2484 2229 2688 2294 decem
2738 2227 2903 2310 φρά-
3020 2320 3025 2324 ⁷

710 2369 901 2432 τορας
956 2346 1288 2432 (τούτους)
1356 2350 1594 2432 eligant
1654 2387 1736 2396 --
1792 2350 2016 2432 quippe
2066 2367 2209 2414 cum
2253 2350 2745 2414 demonstratum
2795 2350 2900 2432 sit,

707 2489 828 2550 qua
897 2470 999 2534 via
1063 2470 1340 2534 Pollucis
1397 2470 1582 2536 verba
1640 2490 1676 2534 a
1733 2471 2101 2552 depravatae
2152 2471 2307 2554 legis
2352 2469 2558 2536 verbis
2601 2469 2902 2552 proficisci

707 2590 1044 2672 potuerint.
1792 2679 1795 2684 ¹

882 2711 983 2776 Ita
1051 2712 1285 2776 fontem
1353 2731 1480 2776 esse
1544 2712 1873 2777 inventum
1933 2712 2217 2794 Philippi
2272 2711 2611 2788 contendit,
2668 2731 2738 2776 ex
2782 2731 2902 2793 quo

712 2832 936 2896 Pollux
1003 2833 1188 2898 verba
1256 2837 1365 2896 sua
1432 2834 1740 2911 hauserit,
1819 2834 2041 2916 quibus
2116 2833 2327 2897 doceat
2392 2833 2645 2914 ephetas
2710 2833 2899 2898 fuisse

706 2949 1089 3040 ἀριστίνδην
1141 2955 1528 3039 αἱρεθέντας
1542 2957 1630 3040 2);
1687 2954 1949 3035 Polluci,
1994 2954 2154 3036 quod
2200 2954 2276 3017 ad
2323 2955 2469 3018 haec
2515 2953 2899 3018 1191999111-

709 3076 872 3149 neat,
918 3075 1103 3140 fidem
1149 3077 1569 3160 abrogandam
1617 3095 1760 3140 esse.

882 3197 1002 3262 Vix
1048 3197 1332 3280 Philippi
1376 3199 1522 3263 haec
1567 3198 2119 3274 demonstraverat,
2172 3215 2310 3261 cum
2370 3197 2426 3262 ei
2472 3196 2712 3261 adsensi
2757 3197 2905 3260 sunt

705 3322 768 3384 et
837 3320 1261 3384 Weckleinius
1327 3322 1389 3384 et
1456 3321 1735 3400 Langius
1750 3322 1837 3400 ³),
1901 3321 2038 3384 tum
2107 3320 2222 3384 alii
2288 3320 2587 3402 deinceps.
2690 3315 2904 3399 Neque

707 3441 886 3505 credo
931 3443 1161 3505 multos
1205 3460 1351 3519 esse,
1397 3442 1500 3524 qui
1551 3441 1940 3525 argumentis
1985 3440 2289 3523 Philippii
2323 3459 2445 3505 non
2474 3459 2899 3504 commovean-

710 3564 814 3627 tur
881 3563 958 3628 ad
1025 3582 1165 3628 eum
1235 3565 1629 3646 sequendum.
1720 3562 2176 3629 Schoemannus
2219 3564 2446 3639 autem,
2492 3561 2674 3626 XLII
2720 3562 2901 3626 annis

711 3688 850 3766 post
919 3704 1097 3750 suum
1162 3685 1252 3750 De
1299 3686 1556 3769 Ephetis
1600 3687 1663 3752 et
1716 3686 2034 3768 Areopago
2078 3679 2595 3750 commentarium
2638 3683 2899 3758 editum,

896 3913 952 3976 1)
991 3909 1055 3965 N.
1091 3909 1272 3965 Jahrb.
1312 3911 1464 3972 1872,
1503 3927 1550 3980 p.
1590 3910 1695 3962 604
1732 3926 1807 3980 sq.
1846 3937 1907 3947 -
1954 3909 2059 3963 Der
2098 3908 2184 3962 Ar.
2218 3925 2269 3960 u.
2306 3906 2390 3960 die
2429 3905 2557 3977 Eph.
2594 3891 2645 3976 p.
2683 3906 2786 3958 139
2824 3922 2907 3974 sq.

891 4017 948 4079 2)
989 4015 1081 4070 cfr
1119 4017 1281 4071 Petit.
1321 4017 1353 4070 l.
1397 4017 1459 4072 1.·.
1501 4016 1643 4070 ”eam
1685 4015 1881 4084 [legem
1920 4013 2173 4084 nostram]
2211 4013 2480 4081 intellegit
2516 4009 2749 4065 Pollux?

889 4125 946 4187 3)
989 4122 1184 4178 Weckl.
1225 4124 1378 4186 1873,
1417 4123 1580 4192 Lang.
1621 4123 1759 4176 1874
1799 4121 1943 4186 <vide
1984 4137 2148 4190 supra
2184 4137 2232 4190 p.
2271 4120 2379 4184 17).
