3242 5042
1417 1239 1528 1304 1V.

831 1391 997 1474 Num
1056 1393 1285 1476 Draco
1341 1396 1644 1495 ephetas
1701 1396 2107 1477 instituerit.

546 1600 718 1680 Quod
762 1623 946 1688 supra
990 1607 1118 1671 dixi
1135 1609 1182 1684 ¹)
1227 1625 1472 1673 causam
1519 1626 1684 1672 nunc
1726 1606 1954 1685 adesse,
1999 1625 2107 1670 cur
2137 1606 2567 1672 testimonium

375 1723 652 1788 Pollucis
693 1725 1005 1789 elevatum
1049 1744 1423 1806 censeamuS,
1469 1748 1566 1793 res
1610 1747 1673 1793 se
1716 1729 1829 1792 hoc
1874 1727 2055 1793 modo
2097 1726 2302 1792 habet.

547 1844 835 1911 Primum
883 1845 1253 1910 occasionem
1301 1847 1677 1930 praebebant
1724 1846 1997 1912 Pollucis
2041 1847 2355 1912 refutandi
2387 1849 2572 1914 verba

374 1968 552 2032 haec:
618 1963 1001 2053 ἀριστίνδην
1045 1967 1433 2052 αἱρεθέντας
1456 1969 1510 2047 ²)

548 2086 662 2152 Sed
711 2105 946 2152 necesse
989 2088 1111 2152 erit
1155 2087 1395 2170 aliquid
1439 2087 1514 2151 de
1557 2086 1689 2150 loco
1733 2086 1995 2168 quodam
2040 2087 2223 2150 antea
2254 2087 2571 2168 disserere,

375 2226 556 2289 quem
601 2207 763 2290 apud
809 2206 1391 2272 Pseudo-Demosth.
1441 2206 1578 2272 adV.
1627 2204 2069 2271 Macartatum.
2104 2223 2161 2287 p.
2202 2207 2384 2282 1069,
2418 2209 2455 2291 ς
2488 2210 2569 2274 57

333 2400 351 2417 ⁴
375 2327 676 2410 scriptum
721 2327 1051 2392 habemus:

547 2445 662 2510 ἐὰν
715 2446 788 2511 δὲ
839 2445 1243 2512 αἰδέσασθαι
1298 2446 1433 2534 δέῃ,
1491 2445 1607 2511 ἐὰν
1662 2445 1783 2527 μὲν
1841 2445 2061 2532 πατὴρ
2107 2436 2148 2532 ᾗ
2198 2441 2243 2533 ἤ
2284 2443 2575 2532 α’ὃελφός

375 2559 424 2654 ἤ
485 2567 665 2644 υἱεῖς,
726 2567 995 2645 πάντας,
1055 2561 1099 2654 ἢ
1150 2566 1267 2631 τὸν
1323 2567 1658 2632 κωλύοντα
1712 2573 1992 2652 κρατεῖν·
2047 2566 2161 2631 ἐὰν
2206 2567 2278 2632 δὲ
2322 2570 2572 2634 τούτων

376 2687 607 2775 μηδεὶς
650 2679 716 2776 ᾗ,
762 2689 984 2776 κτείνῃ
1026 2685 1086 2752 δ’
1127 2687 1324 2766 ἄκων,
1371 2690 1571 2766 γνῶσι
1615 2684 1751 2752 δὀἱ
1792 2687 2200 2774 πεντήκοντα
2233 2689 2341 2755 καὶ
2376 2679 2470 2764 εἷς
2504 2695 2579 2756 οἱ

378 2807 610 2890 ἐφέται
670 2806 913 2873 ἄκοντα
968 2817 1236 2888 κτεῖναι,
1292 2808 1596 2872 ἐσέσθων
1642 2809 1714 2872 οἱ
1754 2807 2092 2892 φράτερες,
2136 2808 2254 2874 ἐᾶν
2297 2812 2575 2890 θέλωσι,

380 2928 558 2991 δέκα·
614 2928 888 3001 τούτους
932 2931 1138 3012 (codic.
1186 2930 1464 3011 τούτοις)
1509 2924 1643 2992 δὀἱ
1682 2927 2091 3012 πεντήκοντα
2136 2929 2246 2994 καὶ
2291 2920 2386 3005 εἶς
2429 2931 2571 3016 α’ρι-

381 3050 652 3133 στίνδην
695 3049 1085 3130 αἱρείσθων.

551 3169 666 3233 Est
710 3170 858 3234 haec
898 3169 967 3234 in
1014 3169 1353 3235 orationem
1401 3169 1639 3234 inserta
1666 3168 1965 3250 quaedam
1996 3168 2091 3232 lex
2122 3168 2442 3255 DraconiS,
2465 3174 2575 3240 ubi

381 3289 454 3353 de
519 3289 698 3354 caede
755 3309 876 3354 non
931 3289 1290 3354 voluntaria
1342 3289 1571 3372 agitur.
1662 3287 1782 3367 Qui
1840 3289 2286 3355 inconsiderate
2327 3294 2572 3359 caedem

378 3410 780 3493 commiserit,
851 3411 981 3475 eius
1048 3411 1243 3476 scelus
1309 3410 1539 3493 expiari
1593 3427 1782 3491 posse.
1874 3407 2307 3474 Condicionem
2362 3414 2571 3478 autem

383 3531 691 3611 quandam
738 3549 894 3596 esse:
939 3534 1051 3595 aut
1093 3550 1220 3596 esse
1263 3532 1664 3614 superstitem
1695 3531 1935 3612 patrem
1966 3529 2151 3594 occisi
2181 3531 2280 3594 vel
2316 3532 2573 3596 fratrem

387 3651 482 3715 vel
538 3651 723 3732 filios,
781 3653 920 3716 tum
968 3671 1204 3719 necesse
1247 3645 1396 3730 esse,
1440 3655 1513 3716 ut
1556 3668 1767 3715 omnes
1810 3625 1911 3712 illi
1955 3649 2031 3713 ad
2079 3649 2276 3713 'scelus
2319 3651 2574 3734 expian-

385 3772 534 3836 dum
579 3771 989 3848 consentiant,
1017 3772 1137 3874 'sin
1181 3771 1389 3855 aliter,
1433 3771 1841 3854 expiationem
1886 3770 2022 3834 fieri
2068 3789 2189 3834 non
2220 3789 2417 3852 posse;
2463 3774 2580 3838 aut

348 3901 352 3906 ’
387 3893 752 3957 necessarios
802 3893 948 3957 illos
1002 3893 1191 3958 occiso
1247 3891 1488 3958 homini
1543 3893 1765 3971 deesse,
1812 3891 1953 3954 tum
1998 3891 2203 3956 decem
2250 3891 2416 3955 viros
2460 3892 2573 3954 hoc

385 4030 638 4078 munere
683 4014 1158 4079 necessariorum
1202 4011 1382 4096 fungi
1427 4010 1665 4092 debere,
1714 4010 1789 4074 ut
1829 4009 2144 4093 piaculum
2174 4012 2285 4076 aut
2314 4011 2578 4093 permit-

387 4135 530 4197 tant
574 4134 684 4197 aut
729 4133 1116 4215 prohibeant.

565 4342 620 4406 1)
674 4338 804 4408 Pag.
845 4339 929 4390 15.
1333 4338 1388 4403 2)
1427 4335 1618 4402 Totum
1655 4334 1828 4388 locum
1866 4333 2025 4386 attuli
2062 4349 2179 4402 pag.
2219 4333 2300 4386 10.
