3242 5042
764 434 846 494 46

680 586 906 667 potest,
952 587 1106 669 quin
1149 586 1314 652 alter
1357 588 1631 654 alterum
1681 627 1760 638 —-
1804 594 2060 674 apparet
2104 589 2525 676 Thucydidem
2574 589 2881 657 Herodoti

678 705 913 772 librum
959 709 1314 792 cognovisse
1350 747 1422 756 -—
1459 710 1743 777 refellere
1787 711 1961 778 velit.
2030 712 2239 796 quue
2280 712 2531 779 maioris
2566 713 2873 779 momenti

679 829 842 894 mihi
885 829 1153 914 videtur,
1197 832 1357 914 quod
1404 831 1795 917 Thucydides
1836 835 2175 923 prytanum
2208 852 2647 902 naucrarorum
2696 853 2874 900 men·

681 950 913 1017 tionem
958 953 1071 1018 hoc
1114 952 1244 1020 loco
1289 953 1504 1020 omisit
1523 961 1594 1032 ²).

848 1073 1124 1158 Apparet
1180 1075 1567 1142 Herodotum
1617 1115 1697 1126 -
1744 1078 1903 1144 bona
1945 1077 2065 1144 fide
2107 1077 2219 1145 ille
2262 1078 2513 1160 quidem
2560 1115 2635 1126 -
2686 1077 2871 1144 fabu-

678 1194 802 1260 lam
860 1196 1171 1278 quandam
1230 1198 1813 1266 Alcmaeonidarum
1868 1200 2074 1284 gentis
2130 1200 2307 1266 nobis
2348 1199 2699 1272 tradidisse,
2748 1219 2876 1283 qua

679 1317 1079 1402 sacrilegium
1135 1339 1172 1384 a
1215 1317 1494 1403 Megacle
1550 1339 1781 1404 suaque
1822 1323 2008 1406 gente
2050 1323 2117 1388 in
2160 1321 2317 1388 alios
2360 1322 2697 1388 transferre
2741 1321 2867 1388 vel-

677 1439 843 1515 lent;
899 1438 1328 1525 Thucydidem
1383 1417 1598 1508 autem
1662 1462 1879 1510 verum
1939 1444 2264 1530 indagasse
2320 1463 2517 1527 neque
2559 1445 2625 1510 id
2668 1444 2871 1513 celare

679 1559 1032 1644 voluis-0102).
1126 1561 1289 1628 Tum
1336 1565 1548 1630 autem
1593 1565 1670 1630 de
1710 1564 1831 1631 fide
1874 1565 2065 1632 huius
2110 1565 2227 1632 loci
2270 1565 2569 1633 Herodoti
2611 1585 2733 1632 non
2776 1565 2877 1632 ni-

679 1680 774 1746 hil
831 1681 1252 1766 derogandum
1307 1685 1419 1749 est.
1511 1685 1631 1750 Sed
1675 1684 1853 1752 nullo
1896 1685 2023 1750 alio
2064 1686 2468 1769 antiquitatis
2511 1687 2877 1754 testimonio

679 1802 990 1892 traditum
1035 1805 1130 1869 est
1177 1822 1506 1871 naucraros
1549 1809 1697 1872 ante
1740 1804 2021 1874 Solonem
2066 1807 2273 1873 fuisse.

849 2079 1306 2150 Gravissimum
1352 2085 1513 2150 mihi
1559 2085 1807 2152 videtur
1841 2086 2053 2152 Photii
2085 2087 2542 2153 testimonium:
2586 2108 2872 2170 ναυκρα-

679 2204 806 2286 ρία·
863 2203 939 2268 τὸ
987 2205 1312 2290 πρότερον
1355 2199 1561 2280 οὕτως
1604 2207 1879 2273 ἐκάλουν
1923 2209 2280 2294 ναυκραρία
2326 2207 2436 2273 καὶ
2480 2207 2859 2293 ναύκραρος.

677 2329 1038 2413 ναυκραρία
1080 2327 1202 2409 μὲν
1248 2326 1488 2393 ὁποῖον
1532 2331 1600 2394 τί
1640 2327 1680 2417 ἡ
1728 2331 2061 2414 συμμορία
2107 2328 2217 2394 καὶ
2262 2327 2299 2392 ὃ
2335 2330 2556 2418 δῆμος·
2588 2329 2868 2415 ναύκρα-

679 2471 790 2529 ρος
833 2448 905 2514 δὲ
949 2448 1193 2514 ὁποῖόν
1235 2466 1299 2515 τι
1345 2449 1381 2515 ὃ
1427 2451 1777 2538 δήμαρχος,
1824 2450 2126 2526 Σόλωνος
2170 2445 2375 2526 οὕτως
2405 2448 2873 2533 ὀνομάσαντος·

680 2569 765 2644 ὥς
818 2571 926 2637 καὶ
994 2567 1443 2660 Ἀριστοτέλης
1509 2575 1701 2660 φησί·
1771 2573 1879 2638 καὶ
1946 2573 2016 2638 ἐν
2080 2582 2217 2648 τοῖς
2281 2575 2512 2654 νόμοις
2576 2575 2869 2639 λέλεκται

678 2693 855 2778 ἐάνῧ)
899 2718 997 2769 τις
1049 2697 1441 2781 ναυκραρίας
1496 2691 1887 2784 ἀμφισβητῇ
1944 2695 2054 2760 καὶ
2096 2694 2249 2770 τούς
2284 2695 2686 2783 ναυκράρους
2714 2696 2875 2772 τούς

677 2819 838 2882 κατὰ
894 2820 1309 2904 ναυκραρίαν·
1354 2812 1628 2904 ὕστερον
1673 2819 1743 2884 δὲ
1788 2814 1924 2884 ἀπὸ
1974 2819 2412 2893 Κλεισθένους
2448 2821 2657 2906 δῆμοί
2698 2818 2866 2885 εἰσιν

679 2939 788 3004 καὶ
843 2940 1170 3027 δήμαρχοι
1226 2941 1627 3029 ἐκλήθησαν·
1688 2941 1761 3004 ἐκ
1824 2943 1940 3028 τῆς
1982 2938 2469 3027 Ἀριστοτέλους
2514 2942 2873 3018 πολιτείας,

677 3083 771 3090 --.--

853 3150 910 3212 1)
973 3147 1273 3219 Optandnm
1318 3149 1453 3202 illud
1497 3148 1711 3218 quidem
1756 3151 1873 3203 erat
1908 3147 1990 3208 iis,
2028 3149 2117 3218 qui
2154 3149 2471 3204 sententiam
2510 3147 2738 3202 Gilberti
2774 3165 2858 3202 se-

677 3241 923 3306 quuntur,
979 3243 1041 3290 ut
1094 3237 1254 3292 Thuc.
1311 3236 1526 3291 disertis
1562 3237 1737 3292 verbis
1773 3236 2038 3292 docuisset
2076 3253 2353 3290 naucraros
2389 3237 2497 3290 illis
2534 3234 2861 3306 temporibus

677 3341 778 3379 non
815 3325 1092 3379 institutos
1126 3342 1255 3379 esse.
1328 3324 1430 3379 Sed
1465 3342 1494 3380 e
1531 3325 1743 3379 silentio
1780 3325 1893 3378 eius
1928 3325 2247 3379 contrarium
2274 3323 2580 3379 concludere
2608 3341 2723 3378 mea
2742 3324 2860 3393 qui·

679 3412 800 3467 dem
838 3413 1101 3468 sententia
1137 3429 1242 3467 non
1278 3413 1421 3467 licet.

852 3503 908 3569 2)
962 3501 1212 3572 Langius,
1262 3502 1416 3562 1874,
1463 3520 1513 3572 p.
1561 3503 1647 3564 60,
1694 3501 2073 3554 animadvertit
2108 3498 2399 3554 sententias
2435 3497 2757 3568 Thucydidis
2804 3502 2861 3552 et

683 3587 935 3644 Herodoti
989 3591 1068 3642 ita
1120 3590 1261 3643 inter
1307 3607 1361 3642 se
1410 3589 1610 3643 conecti
1650 3605 1815 3658 posse,
1858 3592 1918 3640 ut
1955 3603 2255 3641 censeamus
2290 3587 2569 3640 archontes
2606 3603 2862 3638 summam

677 3678 881 3748 imperii
931 3678 1188 3738 habuisse,
1237 3682 1486 3748 prytanes
1522 3683 1701 3731 autem
1738 3693 2122 3738 naucrarorurn,
2163 3676 2283 3745 quia
2320 3673 2386 3728 ad
2425 3691 2533 3728 rem
2573 3675 2863 3728 militarem

677 3767 803 3820 haec
839 3767 1108 3820 institutio
1145 3766 1446 3834 pertineret,
1483 3766 1551 3819 iis
1585 3765 1811 3834 quodam
1850 3763 2003 3818 modo
2040 3763 2308 3818 adiutores
2357 3762 2631 3816 adiunctos
2679 3761 2865 3816 fuisse.

683 3853 738 3909 Si
776 3871 859 3909 res
896 3871 951 3908 se
988 3856 1067 3908 ita
1101 3854 1310 3918 habeat,
1349 3855 1404 3908 id
1441 3854 1629 3908 saltem
1666 3858 1885 3924 apparet
1921 3857 2168 3924 prytanes
2205 3867 2573 3906 naucrarorum
2612 3868 2711 3904 non
2747 3857 2867 3904 tan·

678 3948 788 3998 tam
826 3943 1198 3997 auctoritatem
1238 3942 1498 4010 habuisse,
1534 3947 1595 3994 ut
1630 3942 1742 3995 iure
1780 3941 1988 3996 credere
2026 3941 2282 4011 possimus
2319 3957 2406 3994 eos
2444 3945 2682 3994 senatum
2722 3941 2865 3993 vele

679 4031 1005 4085 senatoribus
1043 4029 1274 4084 delectos
1310 4029 1488 4083 fuisse.
1531 4061 1590 4068 -
1632 4029 1733 4082 Sed
1769 4031 1901 4082 mihi
1940 4029 2150 4098 quidem
2170 4029 2377 4082 videtur
2400 4027 2858 4081 verisimillimum

676 4135 790 4174 esse
829 4149 892 4160 -
931 4117 986 4172 id
1021 4119 1159 4188 quod
1197 4117 1465 4172 Gilbertus
1502 4119 1536 4173 l.
1574 4119 1606 4170 l.
1647 4117 1917 4172 contendit
1971 4148 2007 4154 ”—
2058 4119 2195 4170 hunc
2232 4117 2400 4170 locum
2432 4115 2682 4170 Herodoti
2711 4117 2859 4169 fabu-

673 4208 780 4262 lam
819 4207 966 4261 nobis
1005 4207 1252 4277 praebere
1291 4207 1356 4260 ab
1391 4206 1881 4260 Alcmaeonidarum
1918 4211 2077 4274 gente
2115 4205 2409 4260 confictam.

850 4297 906 4362 3)
963 4294 1021 4350 C.
1057 4295 1293 4357 Mueller,
1326 4295 1413 4350 Fr.
1441 4295 1568 4349 hist.
1594 4311 1672 4364 gr.
1693 4294 1762 4357 ΙΙ,
1795 4294 1915 4358 108;
1937 4323 2002 4334 -
2022 4291 2164 4363 λέγει
2185 4292 2467 4354 Gilbertu83
2490 4322 2555 4332 -
2578 4287 2637 4343 δὲ
2663 4287 2728 4340 ὀίν
2748 4290 2869 4347 cod.
