3242 5042
767 423 848 483 42

683 575 916 642 mirum
983 573 1052 640 in
1121 575 1374 640 modum
1429 596 1466 640 a
1521 576 1957 660 grammaticis
2010 575 2086 644 ad
2132 593 2257 640 voc.
2304 576 2529 642 ναύειν
2570 579 2879 663 interpre-

681 696 947 762 tandum
1005 695 1308 762 adhiberi.
1397 695 1544 762 Voc.
1607 695 1767 768 ναός
1810 695 1993 775 (aeol.
2036 697 2265 781 ναῦος)
2308 715 2484 764 aram
2529 699 2881 783 significare

680 815 930 892 conicit,
975 835 1104 882 voc.
1155 817 1342 881 ἑστία
1384 817 1594 883 autem
1640 815 1852 901 ignem
1896 815 1965 882 in
2009 836 2121 882 ara
2160 805 2504 897 ardentem,
2556 837 2679 902 qua
2728 837 2875 886 con-

685 937 922 1003 iectura
963 936 1087 1003 sibi
1132 935 1378 1002 videtur
1407 937 1715 1021 originem
1744 937 1929 1004 huius
1958 937 2437 1022 significationis
2456 940 2633 1006 verbi
2652 939 2879 1006 ναύειν

619 1117 622 1122 .
683 1057 1038 1124 ostendisse.
1130 1057 1352 1141 Itaque
1405 1058 1809 1143 ναυκράρους
1866 1057 2177 1125 ”dominos
2220 1079 2363 1128 arae
2404 1061 2505 1126 vel
2548 1060 2704 1128 foci”
2746 1061 2877 1146 sig-

685 1179 953 1243 nificare.
1043 1178 1190 1243 Alia
1244 1179 1606 1245 testimonia
1660 1197 1787 1245 esse
1840 1179 1984 1252 Hes.
2040 1197 2087 1244 s.
2144 1197 2207 1246 v.
2252 1179 2633 1268 ναύκληρος·
2680 1181 2719 1246 ὁ
2763 1184 2879 1270 τῆς

687 1300 1022 1372 συνοικίας
1066 1298 1422 1380 προεστώς,
1467 1298 1709 1365 Polluc.
1756 1301 1805 1396 l,
1846 1302 1930 1366 74
1958 1301 2022 1366 et
2053 1303 2169 1366 752
2212 1297 2427 1375 ἄλλως
2453 1301 2527 1368 δὲ
2556 1299 2593 1367 ὁ
2625 1302 2875 1368 δεσπό-

683 1439 798 1504 της
861 1419 977 1506 τῆς
1041 1417 1254 1493 οἰκίας
1319 1402 1758 1500 στεγανόμοςῗ
1804 1419 1983 1504 παρὰ
2038 1420 2113 1486 δὲ
2165 1430 2302 1496 τοῖς
2356 1425 2685 1508 Δωριεῦσι
2751 1423 2863 1489 καὶ

687 1537 1032 1604 Αἰολεῦσιν
1062 1539 1488 1621 ἑστιοπάμων
1515 1537 1921 1622 ὀνομάζεται·
1952 1543 2119 1608 ἔνιοι
2148 1539 2413 1608 δἀὕτὸν
2444 1543 2555 1610 καὶ
2591 1543 2875 1632 ναύκλη-

688 1682 805 1744 ρον
850 1661 1166 1726 ἐκάλεσαν
1207 1664 1324 1728 cet.

685 1875 690 1880 .
861 1783 959 1851 Ad
1015 1784 1390 1850 sententiam
1435 1803 1611 1852 suam
1632 1786 2143 1878 ‚confirmandam
2186 1787 2350 1853 hunc
2390 1805 2627 1870 quoque
2670 1787 2877 1854 locum

689 1904 987 1989 Hesychii
1044 1905 1280 1972 adfertz
1347 1901 1707 1972 ἀειναῦται·
1763 1903 1969 1994 α’ρχῆς
2011 1904 2221 1987 ὄνομα
2264 1907 2445 1992 παρὰ
2491 1908 2875 1996 Μιλησίοις.

687 2024 1064 2104 Quibuscum
1123 2021 1493 2102 αἐιναύταις
1547 2027 1817 2093 Milesiis
1870 2031 2187 2113 comparat
2236 2025 2565 2103 αἐισίτους
2606 2030 2877 2126 Atheni-

687 2167 877 2224 enses,
922 2151 1030 2233 qui
1073 2151 1141 2214 in
1185 2151 1496 2235 Prytaneo
1539 2151 1981 2235 epulabanturz
2026 2152 2296 2235 itemque
2326 2153 2730 2234 κωλακρὲτας
2756 2153 2878 2218 eti·

687 2291 788 2336 am
855 2271 1062 2356 Cyzici
1129 2273 1318 2338 fuisse
1382 2273 1686 2339 observat.
1758 2271 2051 2363 Cyzicum
2114 2272 2501 2340 Milesiorum
2561 2273 2874 2353 coloniam

604 2397 608 2404 '
687 2391 880 2459 fuisse
923 2394 1213 2460 admonet
1256 2394 1318 2459 et
1349 2393 1645 2460 Miletum
1676 2393 2174 2460 Atheniensium.
2248 2392 2643 2461 Coloniarum
2674 2371 2877 2478 igitur

682 2513 1092 2597 κωλακρέτας
1135 2515 1198 2580 et
1241 2509 1586 2588 αἐιναύτας
1630 2514 1991 2598 respondere
2030 2514 2505 2598 Atheniensium
2546 2515 2872 2599 κωλακρέ-

691 2655 831 2708 ταις
872 2636 936 2701 et
981 2635 1388 2720 ναυκρᾰροις.

860 2754 1158 2835 Quamvis
1203 2757 1506 2841 sagaciter
1553 2756 1915 2842 excogitata,
1962 2758 2173 2823 tamen
2216 2756 2286 2823 in
2324 2756 2693 2822 coniecturis
2733 2759 2879 2824 haec

697 2878 823 2943 fere
877 2877 1086 2944 omnia
1137 2879 1464 2943 versantur
1507 2896 1700 2961 neque
1742 2878 1823 2945 iis
1866 2879 2019 2946 satis
2060 2878 2499 2963 probabilibus
2588 2879 2728 2946 Iam
2772 2900 2887 2947 an-

693 3001 794 3064 tea
836 3000 1456 3066 commemoravimus
1500 3000 1767 3066 minime
1808 3001 2089 3066 constare
2130 3018 2169 3067 a
2212 3002 2430 3066 senatu
2474 3001 2677 3066 vetere
2718 3001 2880 3085 Pry-

693 3122 948 3187 tanenm
1000 3139 1222 3188 nomen
1277 3121 1500 3187 habere
1517 3124 1594 3206 ¹).
1684 3121 1769 3186 Et
1813 3139 1933 3204 quo
1975 3119 2111 3187 inre
2152 3121 2439 3187 concludi
2483 3123 2683 3205 potest
2722 3123 2882 3188 cola-

692 3242 890 3307 cretas
930 3243 996 3308 et
1041 3259 1368 3308 naucraros
1411 3243 1545 3307 tam
1589 3243 1727 3308 arte
1769 3241 1937 3307 inter
1980 3259 2043 3346 se
2082 3242 2445 3313 coniunctos
2470 3245 2642 3308 esse?
2698 3242 2881 3310 Cola-

693 3365 912 3450 cretae,
947 3365 1093 3430 ante
1147 3362 1490 3430 Clisthenis
1533 3365 1803 3430 aetatem
1848 3347 2199 3447 quaestores
2210 3363 2333 3450 ,rei
2377 3364 2659 3448 publicae
2702 3366 2882 3430 erant

691 3485 1009 3568 totamque
1053 3504 1183 3551 rem
1228 3485 1647 3577 pecuniariam
1678 3483 2156 3550 Atheniensium
2187 3485 2303 3551 soli
2334 3485 2879 3551 administrabant.

693 3605 890 3686 Quam
956 3607 1032 3673 ob
1099 3626 1250 3684 rem,
1318 3607 1448 3672 sive
1501 3607 1581 3672 ab
1635 3606 2091 3690 antiquissimis
2144 3607 2527 3690 temporibus
2580 3605 2881 3690 repetitur

696 3728 1160 3795 nancrariarum
1207 3728 1380 3808 origo
1417 3727 1549 3794 sive
1591 3729 1801 3812 postea
1843 3727 2179 3794 institutae
2208 3729 2375 3806 sunt,
2406 3727 2743 3794 colacretae
2774 3744 2885 3790 sno

693 3851 828 3916 iure
891 3849 1142 3916 fuerunt
1207 3849 1490 3916 custodes
1554 3850 1845 3934 pecuniae
1902 3850 2291 3916 naucraricae
2333 3849 2518 3932 atque
2561 3847 2883 3932 dispensa·

695 3975 858 4038 tores
871 3974 948 4057 ²).

871 4178 930 4244 1)
982 4176 1149 4248 Supra
1185 4193 1305 4250 pag.
1342 4177 1428 4232 37.

871 4267 928 4332 2)
984 4265 1076 4321 Cfr
1114 4264 1276 4336 Lang.
1322 4265 1472 4329 18⁷4,
1510 4282 1560 4335 p.
1598 4263 1685 4318 60.
1727 4294 1788 4306 -
1825 4261 1960 4318 Phil.
2004 4261 2153 4323 1874,
2192 4279 2241 4332 p.
2288 4261 2407 4315 229.
