3242 5042
2447 481 2528 537 63

417 645 452 688 n
469 645 502 686 e
519 645 578 688 m
599 625 1070 690 Alcmaeonidas
1096 627 1378 698 subiisse,
1401 646 1552 709 quos
1575 625 1885 706 δεόμενος
1906 625 2017 691 καὶ
2039 627 2367 694 διδάσκων
2386 629 2620 693 ἔπεισε

419 745 668 810 Σόλων.
761 747 976 829 Itaque
1041 747 1102 810 in
1171 747 1582 812 voluntarium
1641 749 1922 812 exsilium
1980 751 2262 814 abierunt
2318 752 2502 816 etiam
2550 753 2617 834 ii,

419 868 522 950 qui
593 869 863 950 ipsarum
933 868 1212 932 caedium
1281 869 1613 952 participes
1682 889 1801 935 non
1869 869 2134 935 fuerant.
2192 908 2275 918 --
2332 871 2615 937 Solonem

417 992 619 1052 autem
691 989 1055 1052 crediderim
1126 1007 1351 1072 neque,
1431 1009 1570 1054 cum
1641 991 1842 1073 legem
1913 991 2150 1067 ederet,
2226 1013 2345 1076 qua
2414 994 2617 1076 capite

418 1109 764 1174 deminutos
833 1111 894 1172 in
961 1110 1276 1174 civitatem
1346 1112 1733 1193 restitueret,
1807 1111 2263 1178 Alcmaeonidis
2328 1115 2615 1179 omnibus

419 1230 684 1295 voluisse
730 1229 1182 1312 postliminium
1229 1231 1546 1296 difficilius
1584 1233 1862 1308 reddere,
1898 1253 2091 1317 neque
2122 1253 2227 1298 eos
2259 1237 2619 1318 respexisse,

413 1369 550 1416 cum
599 1351 736 1434 lege
783 1372 892 1416 sua
937 1353 1307 1435 quibusdam
1356 1353 1728 1428 hominibus»,
1764 1355 2107 1441 ignominia
2138 1355 2395 1433 affectiS,
2440 1377 2513 1420 ne
2550 1358 2614 1421 in

419 1473 735 1536 civitatem
784 1473 1074 1550 redirent,
1123 1475 1614 1555 inte1·diceret¹).
1720 1475 1837 1539 Sed
1886 1476 1991 1557 qui
2040 1495 2104 1539 re
2152 1495 2297 1541 vera
2340 1477 2612 1560 ipsarum

419 1593 696 1658 caedium
743 1595 1082 1678 (σφαγῶν)
1099 1595 1156 1678 ²)
1215 1595 1548 1678 participes
1605 1595 1851 1661 fuerant
1895 1566 2334 1680 Cyloneosque’
2364 1617 2613 1663 necave-

418 1718 578 1796 rant,
624 1715 751 1779 sive
793 1715 1271 1782 Alcmaeonidae
1327 1719 1500 1780 erant
1553 1717 1681 1781 sive
1729 1735 1847 1780 non
1894 1722 2087 1800 erant,
2136 1737 2259 1800 eos,
2306 1719 2381 1784 ab
2425 1720 2615 1784 Areo-

417 1854 576 1918 pago
623 1836 720 1900 vel
767 1836 1006 1919 ephetis
1055 1839 1514 1911 condemnatOS,
1561 1857 1596 1900 a
1643 1835 1885 1920 Solone,
1932 1855 2069 1902 cum
2114 1839 2190 1902 de
2231 1840 2615 1906 restitutione

416 1957 702 2039 ediceret,
751 1961 1035 2040 exceptos
1081 1977 1214 2022 esse
1255 1958 1648 2022 statuendum
1698 1961 1809 2022 est.

589 2077 804 2161 Neque
850 2076 1170 2172 Cyloneos‚
1217 2080 1324 2162 qui
1369 2079 1757 2162 tyrannidem
1803 2080 2257 2164 expetivissent,
2292 2083 2617 2148 restituere

417 2195 704 2264 Solonem
772 2199 1037 2264 voluisse
1104 2203 1378 2284 apparet.
1491 2197 1689 2278 Quam
1758 2201 1836 2265 ob
1901 2220 2031 2266 rem
2088 2202 2265 2266 nobis
2334 2204 2613 2269 videmur

420 2325 582 2384 recte
628 2321 1002 2403 exspectare,
1063 2323 1128 2386 ut
1181 2321 1296 2385 hac
1351 2323 1410 2386 in
1459 2321 1599 2403 lege
1646 2322 1833 2386 etiam
1881 2319 2183 2406 Cyloneos
2229 2324 2610 2406 significatos

417 2440 766 2504 habeamus.

591 2561 706 2626 Sed
753 2563 948 2646 ipsam
994 2565 1196 2646 legem
1245 2563 1442 2628 denuo
1487 2564 1919 2646 inspiciamus:
1966 2559 2251 2645 ’Actutum
2294 2557 2444 2630 ὅσοι
2478 2561 2613 2628 ἅτι-

417 2704 533 2763 μοι
595 2671 787 2769 ἦσαν,
855 2682 1016 2768 πρὶν
1082 2676 1128 2769 ἤ
1191 2683 1467 2747 Σόλωνα
1521 2682 1733 2768 ἄρξαι,
1798 2683 2148 2764 ἐπιτίμους
2211 2677 2380 2750 εἶναι
2435 2684 2614 2772 πλὴν

414 2797 568 2868 ὅσοι
633 2803 704 2880 ἐξ
769 2801 1030 2885 Ἀρείου
1085 2804 1301 2884 πάγου
1345 2797 1391 2891 ἢ
1433 2797 1584 2870 ὅσοι
1640 2804 1715 2868 ἐκ
1764 2807 1895 2870 τῶν
1944 2804 2197 2888 ἐφετῶν
2240 2799 2285 2891 ἢ
2328 2806 2401 2870 ἐκ
2446 2829 2611 2891 πρυ-

417 2926 677 2991 τανείου
743 2927 1332 2999 καταδικασθέντες
1395 2923 1534 2992 ὑπὸ
1587 2927 1717 3004 τῶν
1770 2926 2094 3010 βασιλέων
2146 2925 2263 2990 ἐπὶ
2321 2926 2507 3012 φόνῳ
2566 2921 2613 3015 ἢ

419 3053 784 3130 σφαγαῖσιν
822 3039 867 3132 ἢ
906 3044 1024 3110 ἐπὶ
1061 3048 1394 3130 τυραννίδι
1421 3047 1695 3131 ἔφυγον,
1730 3041 1839 3110 ὅτε
1870 3043 1906 3110 ὅ
1938 3046 2196 3128 θεσμὸς
2225 3047 2441 3136 ἐφάνη
2476 3041 2607 3113 ὅδε.

589 3169 684 3234 De
726 3168 846 3234 fide
890 3169 1072 3233 huius
1115 3163 1275 3251 legis
1321 3189 1530 3234 omnes
1574 3169 1693 3233 viri
1740 3169 1924 3241 docti,
1974 3188 2127 3252 quos
2168 3170 2242 3234 de
2275 3171 2387 3234 hac
2418 3190 2483 3235 re
2516 3171 2610 3234 in-

360 3284 366 3290 ’
419 3291 696 3355 venimus
743 3290 1081 3374 scripsisse,
1127 3291 1286 3354 inter
1331 3310 1397 3354 se
1441 3290 1831 3354 consentiunt
1874 3309 2067 3374 neque
2113 3290 2419 3366 dubitant,
2464 3291 2609 3373 quin

415 3411 509 3476 lex
557 3431 700 3476 vera
745 3414 808 3474 et
853 3411 1118 3493 genuina
1163 3411 1408 3476 Solonis
1459 3412 1632 3495 sit2).

594 3620 650 3685 1)
689 3617 780 3673 Cfr
814 3616 1054 3673 Schoem.
1092 3619 1160 3672 N.
1195 3619 1248 3674 J.
1288 3617 1440 3683 1875,
1479 3636 1532 3689 p.
1571 3619 1676 3671 457
1716 3635 1794 3688 sq.

588 3709 646 3773 2)
685 3703 890 3778 '’‹pdvoc
925 3725 956 3762 a
990 3707 1195 3778 private
1233 3706 1456 3770 murder,
1505 3705 1687 3778 σφαγή
1727 3723 1759 3760 a
1794 3722 2051 3782 massacre
2096 3705 2210 3761 scil.
2247 3707 2301 3760 in
2340 3711 2488 3761 motu
2526 3708 2603 3761 ci·

417 3795 558 3860 vili”,
594 3795 821 3864 Dobree,
856 3795 1187 3858 Adversaris,
1226 3795 1307 3849 ed.
1345 3793 1675 3858 Scholefield,
1712 3795 1756 3862 1,
1792 3811 1843 3864 p.
1882 3795 2001 3848 181.

595 3884 652 3948 3)
689 3881 1001 3936 Adferamus
1037 3880 1176 3952 quod
1212 3882 1276 3936 de
1312 3882 1412 3937 hac
1447 3899 1503 3936 re
1541 3882 1780 3953 Philippi
1834 3913 1897 3923 —
1953 3879 2043 3935 Ar.
2064 3875 2069 3881 ’
2092 3897 2141 3935 u.
2186 3880 2319 3951 Eph.
2360 3879 2513 3942 18⁷4,
2552 3895 2606 3948 p.
2665 3895 2667 3898 ’

418 3971 520 4024 216
569 4001 630 4012 -
679 3971 1127 4025 commemoravit.
1210 3969 1408 4040 Legem
1463 3973 1644 4025 censet
1688 3986 1720 4023 a
1763 3968 2098 4023 Bibliotheca
2141 3965 2492 4023 Alexandrina
2529 3983 2608 4021 re-

416 4059 696 4129 petendam
737 4075 866 4121 esse,
904 4060 1052 4112 cuius
1087 4059 1266 4129 legum
1307 4059 1644 4113 collectiones
1680 4074 1712 4111 a
1748 4055 2071 4111 Callimacho
2108 4056 2395 4126 dispositae
2430 4056 2487 4108 et
2523 4055 2610 4109 de·

416 4147 644 4216 scriptae
681 4148 805 4200 sint.
876 4146 954 4200 Ex
1006 4162 1067 4200 eo
1112 4146 1258 4200 fonte
1306 4146 1592 4216 Didymum
1640 4161 1791 4198 suum
1839 4145 1905 4199 de
1940 4144 2144 4198 Solonis
2180 4143 2430 4198 axonibus
2466 4158 2607 4196 com-

416 4235 735 4290 mentarium
772 4234 1138 4304 conscripsisse
1177 4235 1271 4305 (M.
1308 4233 1568 4296 Schmidt,
1604 4233 1823 4303 Didymi
1858 4232 2048 4304 fragm.
2084 4250 2133 4303 p.
2174 4231 2316 4300 399).
2378 4229 2609 4299 Didymo

414 4327 592 4378 autem
645 4323 1007 4383 Plutarchum,
1063 4338 1181 4376 cum
1235 4323 1300 4378 de
1355 4323 1468 4378 vita
1511 4321 1718 4376 Solonis
1763 4321 2031 4384 scriberet,
2076 4336 2230 4374 usum
2276 4335 2390 4374 esse
2426 4317 2607 4384 (Rose.
