3242 5042
2334 468 2408 526 31

495 620 608 690 Sed
679 623 826 704 quia
894 621 1118 685 Pollux
1178 657 1254 666 —
1314 619 1498 696 VIII,
1565 622 1683 684 125
1744 655 1820 664 --
1880 619 2049 683 solus
2094 618 2269 682 nobis
2316 619 2517 682 tradit

273 808 279 814 .
321 745 571 825 ephetas
618 743 808 807 fuisse
850 763 887 806 a
933 742 1208 806 Dracone
1251 741 1600 822 institutOS,
1648 739 1937 814 efficitur,
1984 743 2059 803 ut
2102 757 2319 803 causa
2366 741 2512 804 iam

319 864 524 928 adsit
581 864 829 941 nulla,
886 882 1013 927 cur
1070 862 1486 926 Draconem
1546 881 1671 944 pro
1716 864 2021 926 auctore
2064 861 2511 943 ophetarum

321 986 727 1050 habeamus
755 985 827 1068 ¹).

491 1107 698 1188 Atque
751 1106 1093 1170 Draconem
1147 1107 1312 1170 tanti
1367 1106 1669 1170 momenti
1719 1106 2091 1169 institutum
2137 1123 2256 1169 non
2301 1103 2513 1168 condi·

319 1227 482 1292 disse
527 1229 638 1293 hoc
683 1246 922 1310 quoque
965 1227 1322 1292 testimonio
1365 1227 1760 1303 adfirmatur,
1815 1226 1893 1291 ab
1938 1226 2296 1290 Aristotelis
2341 1224 2514 1288 Poli-

323 1348 463 1412 ticis
508 1350 712 1426 ducto,
778 1349 886 1413 ubi
944 1385 1028 1396 -—-
1085 1349 1171 1420 II,
1221 1352 1277 1420 9,
1329 1351 1408 1412 12
1455 1387 1538 1394 —
1583 1349 1889 1430 scriptum
1933 1348 2056 1412 est:
2149 1345 2515 1429 Δράκοντος

321 1468 394 1534 δὲ
460 1469 657 1550 νόμοι
722 1473 845 1548 μέν
917 1468 1073 1548 εἰσι,
1149 1470 1452 1554 πολιτείᾳ
1521 1465 1976 1556 δ’ὑπαρχούσῃ
2050 1468 2201 1540 τούς
2272 1467 2517 1548 νόμους

322 1593 598 1678 ἔθηκεν·
644 1591 817 1658 ἴδιον
860 1589 992 1656 δ’ἐν
1034 1602 1172 1666 τοῖς
1215 1593 1442 1673 νόμοις
1488 1588 1681 1656 οὐδέν
1726 1592 1905 1656 ἐστιν
1945 1585 1988 1655 ὅ
2032 1615 2093 1654 τι
2140 1590 2250 1655 καὶ
2285 1594 2516 1672 μνείας

320 1711 525 1792 ἄξιον,
573 1713 748 1800 πλὴν
793 1712 834 1801 ἡ
881 1701 1251 1801 χαλεπότης
1293 1713 1402 1778 διὰ
1449 1713 1522 1777 τὸ
1569 1715 1686 1800 τῆς
1730 1715 1958 1801 ζημίας
1999 1716 2301 1793 μέγεθος.
2371 1713 2511 1777 Etsi

321 1835 776 1902 Schoemannus
819 1837 1287 1903 institutionem
1332 1838 1698 1920 ephetarum
1742 1835 1818 1900 ad
1864 1834 2369 1920 τὴνπολιτείαν
2417 1853 2509 1899 re-

321 1959 470 2022 ferri
515 1977 636 2022 non
681 1977 851 2040 posse
894 1958 1179 2023 censebat
1193 1959 1271 2041 ²),
1327 1958 1542 2041 negari
1598 1977 1719 2022 non
1773 1960 1973 2040 potest
2016 1957 2265 2022 iudiciis
2310 1956 2511 2021 homi-

325 2164 568 2234 Epheten
621 2165 755 2218 nach
809 2163 1144 2234 Wiirdigkeit
1197 2164 1429 2218 wahlbar
1481 2163 1775 2234 gemacht.”
1849 2161 1997 2228 Quod
2054 2167 2115 2216 ut
2166 2163 2353 2233 probet
2406 2163 2513 2216 duo

324 2253 559 2323 exempla
611 2251 800 2314 adfert,
857 2253 947 2306 ubi
983 2252 1244 2306 adiectiva
1296 2251 1658 2321 praedicativa
1704 2253 1817 2305 vice
1860 2251 2145 2321 fungantur
2187 2281 2243 2290 ——
2287 2251 2511 2304 Aristot-

319 2339 570 2401 Polit.11‚
607 2341 696 2393 12:
734 2344 803 2393 τὰ
843 2337 1171 2410 δικαστήρια
1207 2339 1528 2408 μιοτοφόρα
1565 2345 1860 2405 κατέστησε
1899 2339 2198 2408 Hispal-fin
2244 2338 2513 2408 Antiphon

321 2447 371 2499 p.
413 2429 528 2491 116,
570 2431 660 2482 15:
698 2431 958 2498 καθαρὰν
993 2432 1092 2495 τὴν
1126 2427 1289 2481 πόλιν
1321 2431 1659 2494 καταστῆσαι
1688 2450 1777 2493 -;
1816 2445 1975 2482 unum
2012 2428 2103 2482 ubi
2138 2427 2321 2482 eodem
2359 2427 2513 2482 modo

321 2517 642 2570 adhibeatur
677 2517 1014 2586 participium
1053 2533 1159 2570 aor.
1199 2533 1315 2572 cum
1355 2518 1538 2586 partic.
1603 2513 1669 2568 ἄν
1705 2517 2041 2571 coniunctum
2068 2546 2134 2556 -
2160 2516 2321 2570 Thuc.
2362 2518 2411 2576 7,
2441 2517 2511 2570 42

326 2603 478 2676 ὀροῖν
523 2608 586 2657 τὸ
636 2608 790 2676 παρὰ
837 2609 1092 2672 τείχισμα
1131 2645 1141 2656 .
1183 2645 1194 2656 .
1235 2645 1247 2656 .
1287 2602 1492 2658 ἆπλοέν
1529 2625 1586 2657 τε
1628 2602 1707 2666 ὅν,
1748 2611 1838 2656 καὶ
1877 2648 1887 2656 .
1929 2644 1941 2657 .
1980 2647 1989 2657 .
2032 2601 2241 2672 ῥαδίως
2279 2603 2346 2656 ἂν
2382 2603 2515 2656 αὐτὸ

325 2691 560 2760 ληφθέν.
635 2692 782 2758 Quae
814 2693 1051 2762 exempla
1088 2693 1223 2746 nihil
1257 2693 1431 2747 valere
1469 2695 1610 2748 recte
1648 2693 2037 2747 Schoemannus
2064 2723 2120 2732 -
2165 2679 2229 2745 N.
2266 2693 2316 2746 J.
2363 2692 2511 2754 1875,

325 2799 375 2850 p.
434 2782 540 2834 464
595 2812 656 2821 -—
712 2779 1104 2835 animadvertit.
1175 2781 1364 2835 Potest
1417 2782 1556 2835 enim
1613 2777 1945 2834 καθιστάναι
1991 2781 2071 2834 ita
2118 2779 2359 2834 adhiberi
2395 2796 2512 2833 cum

321 2867 512 2922 adiect.
550 2869 636 2923 vel
673 2874 809 2940 part.
849 2885 1016 2937 praes.
1055 2869 1388 2934 coniunctum
1422 2897 1477 2906 —
1502 2873 1564 2921 ut
1599 2868 1781 2936 Eurip.
1818 2867 2063 2920 Androm.
2104 2868 2209 2921 635
2246 2884 2351 2936 θρα
2392 2907 2404 2918 .
2446 2907 2456 2918 .
2496 2907 2507 2919 .

322 2953 503 3007 παῖδα
539 2955 616 3017 θ’,
659 2955 717 3010 ὃς
755 2953 1011 3009 κλαίοντά
1053 2956 1126 3026 uel
1165 2961 1256 3008 καὶ
1292 2958 1392 3022 τήν
1428 2957 1484 3008 ἐν
1522 2957 1698 3008 οἴκοις
1738 2959 1837 3020 σὴν
1872 2953 2201 3023 καταστήσει
2234 2954 2406 3024 κόρην
2430 2975 2517 3018 -;

324 3045 616 3113 exemplum
663 3050 842 3100 autem
888 3044 1025 3114 quod
1062 3044 1287 3098 Forchh.
1325 3044 1514 3104 adfert,
1551 3045 1738 3114 partic.
1779 3059 1884 3098 aor,
1925 3042 2239 3096 adiuncta
2275 3044 2512 3112 partic.

325 3129 426 3194 ἂν,
480 3133 615 3186 nihil
667 3149 761 3202 pro
817 3131 1080 3186 sententia
1134 3133 1247 3186 eius
1299 3134 1547 3186 testatur.
1617 3129 2158 3184 Animadvertendum
2205 3132 2366 3186 etiam
2413 3137 2513 3186 est.

323 3220 462 3289 quod
506 3221 561 3274 in
607 3223 1084 3290 προσκατέοτησεν
1129 3219 1284 3289 paulo
1329 3219 1482 3282 infra,
1520 3219 1705 3274 eodem
1740 3218 1881 3288 apud
1915 3218 2050 3274 Poll.
2088 3219 2217 3274 loco.
2256 3221 2515 3284 κατέστη-

327 3328 417 3360 σεν
470 3309 576 3361 vim
631 3307 944 3362 instituendi
999 3308 1176 3362 habet.
1229 3337 1294 3352 -
1349 3307 1442 3362 Cfr
1488 3307 1685 3362 Herod.
1732 3307 1781 3370 6,
1831 3307 1958 3362 131:
2010 3305 2350 3372 Κλεισθένης
2386 3326 2445 3358 τε
2486 3305 2516 3359 ὁ

325 3399 423 3448 τὰς
463 3393 633 3460 φυλὰς
670 3400 761 3446 καὶ
800 3397 900 3458 τὴν
938 3391 1318 3462 δημοκρατίην
1350 3393 1717 3461 Ἀθηναίοισι
1754 3392 2096 3460 καταστήσας
2134 3433 2145 3444 .
2184 3433 2195 3444 .
2237 3434 2246 3445 .

500 3503 554 3565 1)
614 3501 684 3553 Et
739 3499 984 3553 Timaeus
1034 3529 1094 3542 ·-
1147 3499 1371 3554 Lexicon
1409 3499 1743 3554 Platonicum
1783 3527 1846 3540 -—
1886 3499 2014 3552 haec
2052 3499 2235 3552 habet:
2284 3499 2507 3566 ἐφέται·

324 3587 660 3653 πεντήκοντά
719 3581 857 3639 εἰσιν
911 3580 1066 3640 οὗτοι
1131 3583 1191 3638 οἱ
1248 3586 1358 3640 ἀπό
1414 3585 1729 3655 Δράκοντος
1783 3594 1913 3656 περὶ
1974 3586 2145 3654 φόνου
2184 3584 2518 3649 ’δικάζοντες

325 3679 528 3741 κριταί.
606 3676 840 3745 Apparet
885 3675 1012 3728 haec
1059 3675 1218 3728 verba
1261 3673 1627 3744 interpolando
1672 3679 1799 3728 nata
1834 3691 1961 3735 esse,
2002 3691 2119 3728 cum
2156 3674 2295 3744 apud
2330 3673 2513 3726 Plato·

323 3777 442 3815 nem
495 3763 807 3831 ephetarum
864 3763 1062 3816 mentio
1114 3779 1215 3816 non
1272 3762 1414 3817 facta
1465 3763 1556 3818 sit.
1632 3762 1882 3818 Profecta
1925 3767 2049 3817 sunt
2094 3779 2126 3816 a
2170 3762 2384 3816 Polluce
2422 3761 2509 3814 vel

325 3851 438 3904 eius
473 3857 701 3904 auctore.
777 3851 837 3903 V.
877 3849 1041 3919 Lang.
1082 3851 1234 3913 1874,
1273 3867 1392 3921 pag.
1431 3854 1482 3904 5.

501 3936 648 4003 Quod
687 3938 754 3992 ad
789 3935 1128 4003 πεντήκοντα
1165 3941 1380 4002 attinet.
1419 3938 1757 3992 manifestum
1795 3941 1879 3992 est
1918 3933 1995 3990 εἷς
2031 3936 2115 3990 vel
2152 3942 2240 3987 καὶ
2278 3931 2355 3988 εἷς
2380 3935 2517 3988 exci-

326 4027 464 4080 disse
503 4029 627 4079 ante
666 4019 821 4088 εἰσιν,
861 4027 1000 4095 quod
1037 4028 1290 4095 sequitur.
1368 4026 1562 4082 Weckl.
1601 4026 1637 4079 l.
1676 4027 1712 4078 l.
1753 4043 1803 4094 p.
1845 4027 1935 4087 13;
1975 4024 2141 4094 Lang.
2163 4023 2316 4086 1874,
2355 4039 2406 4091 p.
2429 4022 2512 4075 19.

323 4113 396 4167 Et
431 4112 672 4174 Stoient„
709 4114 746 4168 l.
783 4114 822 4167 l.
857 4132 909 4184 p.
948 4116 1030 4176 77,
1079 4114 1216 4170 ”fere
1253 4115 1520 4168 constanti
1556 4114 2017 4183 grammaticorum
2058 4113 2229 4166 more”
2268 4112 2517 4165 omissum

325 4217 438 4256 esse
475 4203 968 4271 quinquagesimum
1007 4203 1230 4272 primum
1269 4206 1463 4258 censet.

500 4309 555 4369 2)
596 4307 674 4360 De
709 4306 899 4378 Areop.
939 4311 996 4362 et
1030 4307 1181 4378 Eph„
1217 4307 1316 4378 Op.
1353 4308 1446 4360 Ac.
1483 4305 1525 4369 Ι,
1563 4323 1612 4375 p.
1658 4305 1773 4358 194.
1814 4333 1875 4346 ·-
1914 4303 1978 4358 N.
2014 4304 2063 4358 J.
2108 4304 2258 4366 1875,
2295 4321 2347 4373 p.
2389 4303 2513 4356 156.
