3242 5042
1438 1214 1490 1278 Ι.

608 1386 874 1488 Sinoni}
929 1391 1004 1469 et
1058 1387 1344 1469 meursii
1397 1390 1799 1470 sententiae
1855 1393 2319 1490 exponuntur.

543 1601 693 1667 Post
737 1601 1140 1685 antiquitatis
1183 1602 1474 1668 classicae
1519 1603 1882 1669 memoriam
1928 1603 2290 1670 restitutam
2322 1605 2565 1670 saeculo

365 1723 504 1801 illo,
558 1742 629 1788 ex
693 1741 812 1804 quo
867 1723 1208 1788 recentiora
1263 1725 1561 1806 tempora,
1626 1743 1781 1808 quae
1822 1724 2104 1789 historici
2147 1729 2385 1803 vocant,
2430 1726 2563 1791 ini-

370 1844 535 1909 tium
577 1844 852 1926 capiunt,
895 1842 1210 1909 Carolus
1239 1843 1608 1928 Sigonius
1638 1845 1877 1928 primus
1906 1847 2187 1910 veterum
2220 1845 2558 1912 Athenien-

369 1966 533 2030 sium
573 1965 896 2048 publicum
940 1965 1038 2030 ius
1081 1965 1158 2030 ad
1203 1966 1406 2030 artem
1451 1967 1637 2047 atque
1666 1965 2016 2030 doctrinam
2046 1967 2374 2032 revocavit.
2444 1969 2563 2032 Ille

369 2087 486 2164 vir,
553 2085 702 2167 quid
762 2086 837 2150 de
889 2085 1128 2168 ephetis
1187 2085 1589 2151 statuendum
1644 2086 2047 2158 existimaret,
2118 2087 2187 2152 in
2248 2105 2319 2153 eo
2393 2087 2561 2154 libro

369 2207 666 2289 exposuit,
732 2225 913 2290 quem
982 2207 1110 2273 ”De
1161 2206 1478 2290 republica
1529 2207 2010 2273 Atheniensium
2068 2207 2219 2273 libri
2274 2207 2400 2273 IV”
2456 2209 2561 2274 in-

367 2328 670 2410 scriptum
714 2348 771 2393 a.
823 2329 986 2402 1565
1031 2329 1248 2394 edidit.

535 2431 810 2532 'Ephetas
869 2452 1076 2514 censet
1141 2449 1268 2515 iam
1341 2448 1799 2532 antiquissimis
1852 2449 2235 2531 temporibus
2288 2449 2561 2514 Athenis

367 2569 573 2643 fuisse,
619 2571 692 2635 ut
736 2571 844 2652 qui
887 2591 925 2636 a
968 2569 1396 2654 Demophonte
1438 2589 1579 2654 rege
1623 2569 1911 2634 instituti
1955 2571 2179 2650 essent,

539 2692 789 2756 centum
845 2691 1036 2756 fuisse
1089 2709 1367 2775 numero,
1434 2691 1891 2774 quinquaginta
1943 2709 2014 2755 ex
2069 2691 2563 2757 Atheniensibus

368 2811 752 2895 totidemque
794 2831 865 2877 ex
909 2811 1167 2896 Argivis
1211 2813 1452 2889 electos,

539 2932 724 2998 initio
781 2934 1034 2999 tantum
1095 2933 1165 2998 in
1212 2933 1497 2998 Palladio
1543 2933 1674 2998 foro
1719 2932 1795 2998 de
1838 2933 2191 2997 inconsulta
2232 2933 2413 2998 caede
2456 2935 2556 2999 iu·

369 3054 617 3119 dicasse.

539 3172 1024 3255 Harpocratione
1083 3171 1291 3237 utitur
1356 3171 1622 3256 auctore,
1690 3191 1736 3237 s,
1792 3191 1851 3236 v.
1910 3170 2023 3236 ἐπὶ
2081 3172 2445 3258 παλλαδίῳ,
2492 3175 2563 3240 et

369 3294 679 3360 Pausania
723 3295 772 3372 Ι,
818 3294 922 3372 28,
969 3294 1008 3358 8
1053 3295 1118 3358 et
1165 3297 1202 3355 9
1235 3295 1308 3377 ¹).

550 3487 602 3550 1)
655 3483 762 3554 Sig.
810 3481 892 3538 De
935 3497 1045 3550 rep.
1096 3481 1291 3536 Athen.
1329 3481 1371 3545 1,
1411 3497 1523 3551 cap.
1561 3482 1620 3534 3:
1674 3480 1938 3535 »Panadii
1975 3484 2119 3536 certe
2156 3487 2412 3549 regnante
2448 3483 2561 3538 De-

365 3574 684 3642 mophoonte
735 3571 1081 3626 fundamenta
1131 3570 1274 3624 iacta
1325 3585 1506 3624 omnes
1558 3570 1915 3624 consentiunt.
2007 3570 2081 3623 At
2138 3569 2194 3624 in
2253 3570 2565 3639 exponenda.

281 3677 286 3684 ·
366 3665 548 3716 tantae
593 3660 670 3714 rei
715 3659 918 3730 origine
965 3675 1176 3728 prorsus
1213 3657 1529 3728 discrepant.
1603 3657 1801 3712 Narrat
1834 3657 1975 3712 enim
2014 3656 2381 3727 Harpocratio,
2418 3657 2556 3726 Aga-

367 3765 642 3803 memnone
677 3751 734 3802 et
767 3748 982 3816 Argivis
1017 3763 1136 3811 cum
1173 3745 1414 3800 Palladio
1450 3747 1516 3801 ab
1551 3746 1653 3800 Ilio
1691 3745 1929 3799 Athenas
1964 3744 2215 3814 appulsis,
2253 3744 2563 3814 Demopho-

367 3845 542 3892 ontem
598 3835 898 3890 Palladium
949 3835 1183 3904 rapuisse
1229 3838 1286 3888 et
1332 3834 1606 3904 plerosque
1654 3849 1851 3897 eorum,
1888 3832 1979 3902 qui
2015 3833 2123 3886 vim
2159 3831 2553 3901 propulsabant,

365 3925 694 3980 interfecisse
731 3924 1022 3993 forumque,
1058 3923 1114 3976 in
1149 3939 1252 3993 quo
1289 3923 1673 3992 quinquaginta
1709 3921 2061 3975 Athenienses
2098 3924 2156 3974 et
2191 3920 2421 3973 totidem
2452 3917 2561 3972 Ar·

365 4013 476 4084 givi
514 4016 582 4066 de
618 4010 776 4066 caede
811 4010 1110 4066 inconsulta
1145 4015 1201 4066 et
1236 4009 1446 4064 insidiis
1487 4009 1800 4072 iudicarent,
1838 4006 2190 4062 constituisse.
2264 4005 2563 4061 Pausanias

367 4106 542 4155 autem
592 4099 1046 4170 Demophoontem
1090 4096 1256 4153 refert
1296 4099 1350 4152 in
1398 4098 1497 4152 hoc
1531 4096 1647 4154 foro
1685 4098 1909 4168 primum
1946 4111 2155 4149 causam
2192 4094 2400 4150 dixisse.
2460 4109 2562 4148 ne·—

367 4189 561 4243 minem
599 4186 891 4258 ambigere3
929 4189 988 4240 at
1022 4186 1170 4241 cuius
1203 4185 1252 4240 is
1289 4185 1526 4240 criminis
1560 4200 1682 4239 reus
1718 4183 1893 4247 fuerit,
1932 4198 2034 4236 non
2057 4182 2199 4236 inter
2224 4197 2403 4236 omnes
2428 4195 2561 4233 con-

365 4277 594 4331 venire».
631 4305 698 4317 -
732 4275 900 4332 Paulo
933 4274 1098 4330 infra:
1153 4272 1337 4340 »Quod
1375 4281 1554 4328 autem
1586 4271 1656 4326 ad
1690 4271 1943 4327 iudicium
1980 4284 2261 4338 eorumque
2300 4269 2388 4338 qui
2414 4267 2562 4322 iudi-

2925 0 3124 10 -.-““-.---ῑ-ι-Δ
3139 0 3142 2 *
