3242 5042
1342 1265 1478 1332 ·V.

355 1420 712 1524 Quaenam
775 1423 960 1505 inter
1019 1423 1324 1525 ephetas
1371 1442 1775 1504 πεπτω-οε
1824 1423 2261 1524 mamam
2328 1427 2545 1512 inter·

727 1549 1044 1630 cesserit
1094 1549 1284 1630 ratio
1337 1549 1723 1648 ueneratio!
1777 1549 2173 1650 exponitur.

527 1758 625 1824 Ad
668 1760 835 1824 hunc
876 1762 1082 1827 locum
1124 1761 1568 1846 disput-ationis
1599 1760 1761 1825 mihi
1790 1761 2001 1846 videor
2028 1763 2545 1828 commentarium

353 1897 565 1946 meum
629 1881 804 1946 velut
869 1881 938 1945 in
1003 1882 1220 1946 solidis
1283 1881 1710 1946 fundamentis
1772 1883 1837 1946 et
1894 1881 2095 1946 firmis
2158 1885 2545 1950 exstruxisse.

353 2001 642 2066 Fortasse
701 2003 815 2068 hoc
856 2001 989 2066 loeo
1031 2001 1495 2066 subsistendum
1535 2003 1689 2066 erat.
1780 2001 2029 2084 Lipsius
2042 2002 2094 2086 ι)
2135 2005 2251 2070 ille
2292 2005 2543 2088 quidem

352 2125 557 2188 censet
615 2123 770 2188 satis
813 2122 1169 2188 habendum
1211 2141 1340 2187 esse
1382 2122 1496 2186 hoo
1537 2121 1742 2187 solum
1787 2124 2090 2188 statuere:
2134 2125 2385 2206 ephetas
2426 2143 2541 2188 an·-

351 2241 622 2324 tiquitus
685 2242 754 2306 in
809 2244 1104 2324 quattuor
1161 2241 1594 2307 tantummodo
1638 2240 1984 2307 dieasteriis
2024 2243 2257 2307 iudicia
2297 2261 2543 2308 exercu-

351 2361 470 2425 isse
512 2362 698 2444 atque
739 2363 820 2426 ab
862 2362 945 2427 iis
985 2361 1231 2426 diversa
1273 2361 1465 2425 fuisse
1505 2361 1655 2426 haec
1698 2361 1821 2426 duo
1863 2360 2221 2426 disasteria:
2268 2361 2539 2444 Areopa-

352 2497 504 2562 gum
545 2482 610 2545 et
653 2479 1037 2564 Prytaneum
1051 2481 1127 2558 ²).
1215 2476 1390 2556 Quod
1435 2479 1489 2544 si
1531 2499 1746 2546 eorum
1788 2482 1903 2557 est,
1948 2480 2059 2566 qui
2102 2481 2175 2544 in
2216 2480 2329 2544 hoc
2370 2482 2542 2546 anti-

352 2601 616 2686 quitatis
659 2599 864 2665 studio
907 2602 1254 2682 versantur,
1298 2617 1423 2664 non
1467 2600 1668 2664 solum
1708 2598 1869 2681 quod
1915 2617 1949 2663 e
1992 2598 2273 2663 fontibus
2300 2599 2541 2664 hauriri

353 2720 555 2803 potest
607 2719 882 2802 undique
935 2719 1250 2803 indagare,
1316 2719 1418 2783 sed
1485 2721 1681 2784 etiam
1722 2738 1880 2802 quae
1922 2719 2099 2784 nobis
2135 2737 2169 2782 e
2212 2720 2394 2784 tanta
2436 2737 2542 2784 ve-

348 2839 586 2904 tustate
626 2839 826 2904 fracta
867 2839 1054 2921 atque
1097 2839 1370 2922 dispersa
1411 2841 1767 2918 traduntur,
1812 2856 2170 2922 componere
2219 2840 2407 2920 atque
2444 2839 2537 2904 ita

351 2959 518 3023 inter
573 2977 638 3023 se
689 2958 1080 3042 coniungere,
1133 2961 1210 3024 ut
1263 2961 1490 3024 natura
1531 2979 1745 3024 eorum
1786 2959 2076 3044 intellegi
2119 2958 2335 3041 possit,
2379 2960 2543 3023 recte

354 3079 476 3143 viri
529 3077 693 3143 dooti
751 3078 1000 3162 longius
1056 3079 1344 3162 progredi
1387 3081 1452 3143 et
1507 3080 1919 3144 concludendo
1963 3084 2149 3162 atque
2186 3079 2541 3144 coniciendo

350 3217 493 3262 oum
550 3199 626 3264 de
667 3198 906 3282 ephetis
949 3199 1090 3263 tum
1134 3199 1209 3264 de
1249 3198 1475 3263 ceteris
1516 3198 1836 3263 institutis
1877 3197 2155 3282 antiquis
2200 3200 2542 3282 imaginem

350 3319 660 3400 quandam
725 3317 936 3382 animo
1001 3337 1108 3383 suo
1175 3318 1512 3383 informare
1562 3319 1771 3383 eonati
1826 3320 1993 3397 sunt,
2048 3320 2431 3402 probabilem
2476 3323 2543 3385 et

350 3436 580 3502 rationi
647 3440 1022 3520 naturaeque
1085 3438 1575 3502 consentaneam.
1668 3435 1827 3502 Sunt
1870 3440 2039 3504 enim
2078 3439 2397 3521 complura
2440 3441 2539 3503 in·-

347 3557 575 3622 stituta
618 3559 1148 3642 magistratusque
1192 3557 1470 3623 veterum
1513 3557 1863 3640 temporum
1910 3559 2231 3638 eiusmodi,
2278 3580 2539 3642 quorum

351 3678 521 3760 origo
585 3680 648 3743 et
704 3677 908 3743 officia
960 3677 1308 3743 obscuriora
1363 3677 1712 3743 videantur.
1802 3677 1969 3741 Nam
2006 3680 2247 3761 praeter
2290 3680 2541 3762 ephetas

353 3798 427 3861 de
471 3799 809 3881 Areopago,
855 3797 1189 3879 nauorariS,
1235 3800 1610 3883 prytanibus
1654 3797 2025 3879 quibusdam
2068 3799 2261 3880 deque
2320 3801 2539 3862 senatu

351 3917 457 4013 qui
517 3918 724 4000 fuerit,
771 3918 1138 4002 ambigitur.
1227 3919 1396 3984 Haeo
1440 3919 1648 3984 omnia
1692 3919 1987 3983 instituta
2030 3918 2328 3984 distincta
2370 3919 2545 3984 inter

533 4126 586 4188 l)
640 4122 749 4176 Der
784 4123 1012 4177 attisobe
1048 4123 1282 4185 Prooes8‚
1325 4123 1478 4186 1881,
1515 4142 1563 4193 p.
1605 4123 1831 4175 22—23.

526 4213 582 4276 2)
637 4209 780 4275 Quae
835 4211 1010 4264 omnia
1063 4211 1168 4264 tria
1219 4211 1416 4266 iudicia
1468 4213 1522 4265 in
1568 4211 1773 4264 Solonis
1816 4211 1933 4280 lege
1971 4209 2249 4264 oblivionis
2292 4240 2349 4250 —
2391 4211 2543 4266 Plut.

351 4298 452 4352 Sol.
491 4315 600 4369 cap.
640 4298 709 4352 19
739 4313 812 4337 ·-
848 4305 1338 4353 commemorantur.
