3242 5042
791 428 870 484 30

877 577 1178 660 Philippi,
1225 579 1333 659 qui
1377 578 1833 642 conclusionem
1885 579 2067 643 illam
2116 582 2187 644 de
2229 581 2431 645 verbis
2476 577 2577 665 α’ρ.
2626 583 2754 662 αἱρ.
2804 583 2904 645 in·

702 701 895 777 venit,
963 699 1166 782 primo
1219 701 1294 764 de
1349 703 1480 765 toto
1523 702 1846 766 enuntiato
1891 701 2228 779 dubitavit,
2282 704 2501 768 utrum
2544 703 2605 767 id
2659 722 2905 784 quoque

705 822 1022 904 aspernari
1089 822 1330 888 deberet
1398 841 1582 886 necne
1605 824 1676 906 ¹).
1770 822 2195 888 Weckleinius
2211 825 2268 907 ²)
2318 825 2531 888 autem
2585 824 2715 887 sine
2760 824 2897 886 ulla
2925 794 2979 914 ⁶·

703 942 1094 1007 dubitatione
1137 944 1346 1008 totum
1392 944 1795 1008 enuntiatum
1842 943 2213 1026 repudiavit,
2260 963 2401 1008 mox
2444 943 2789 1026 Langius³)
2834 948 2897 1008 et

702 1062 982 1145 Philippi
1025 1064 1224 1147 ipse⁴)
1270 1063 1733 1129 Weckleinium
1773 1066 1967 1129 secuti
2012 1065 2179 1128 311111.
2250 1065 2412 1130 Tum
2450 1065 2718 1148 LipsiuS‚
2750 1063 2893 1129 Gil-

701 1185 941 1268 bertus,
1020 1186 1134 1250 alii
1211 1187 1290 1250 iis
1365 1187 1607 1252 adsensi
1675 1189 1847 1262 sunt,
1925 1187 2281 1269 nuperrime
2343 1187 2797 1254 Alexanderson
2814 1188 2891 1270 ⁵).

699 1305 887 1370 Recte
930 1307 1032 1370 illi
1077 1307 1330 1389 quidem
1373 1309 1532 1373 mihi
1579 1309 1872 1372 videntur
1917 1309 2029 1374 hoc
2078 1310 2305 1374 fecisse.

873 1427 1162 1492 Primum
1209 1429 1376 1493 enim
1419 1429 1841 1494 confitendum
1886 1448 2015 1494 esse
2058 1429 2325 1506 videtur,
2372 1430 2549 1494 cuius
2576 1430 2893 1494 enuntiati

701 1567 844 1631 pars
909 1551 1208 1631 quaedam
1276 1569 1465 1632 eaque
1529 1552 1747 1634 magni
1812 1553 2114 1616 momenti
2180 1553 2602 1623 demonstrata
2658 1526 2757 1616 031
2814 1551 2905 1616 ab

700 1689 902 1735 errore
947 1672 1216 1754 profecta
1261 1691 1406 1755 esse,
1447 1673 1578 1738 eius
1623 1676 1861 1738 ceterae
1902 1674 2069 1755 parti
2118 1674 2237 1738 nisi
2282 1673 2469 1738 certis
2500 1673 2902 1755 argumentis

608 1855 612 1859 .
701 1792 887 1856 fidem
940 1793 1285 1858 adiudicari
1333 1813 1451 1860 non
1494 1813 1685 1878 posse.
1785 1795 2021 1860 Deinde
2073 1795 2332 1860 difficile
2383 1813 2504 1859 non
2548 1803 2641 1858 est
2684 1798 2891 1859 osten-

701 1915 862 1996 dere,
928 1934 1050 1997 qua
1105 1915 1206 1980 via
1260 1916 1457 1982 Draco
1501 1917 1797 1982 inventus
1842 1917 1925 1981 sit
1970 1918 2183 1982 auctor
2226 1917 2589 2000 ophetarum
2634 1917 2899 1980 institu-

699 2038 1016 2102 endorum.
1097 2037 1264 2102 Nam
1306 2057 1451 2104 cum
1504 2040 1578 2104 de
1633 2039 1870 2122 ephetis
1915 2076 1997 2085 --
2044 2038 2107 2103 id
2152 2039 2315 2120 quod
2359 2039 2487 2104 iam
2532 2057 2717 2121 supra
2762 2039 2891 2103 dic·

700 2160 840 2222 tum
881 2160 975 2223 est
1020 2158 1101 2222 Κ.
1149 2158 1218 2224 Ο.
1266 2135 1650 2226 Muellerum
1700 2161 2286 2239 animadvertisse0)
2342 2199 2425 2206 —
2478 2161 2547 2224 in
2573 2160 2898 2225 'Draconis

700 2281 945 2364 legibus
1011 2282 1160 2345 solis
1224 2283 1462 2348 mentio
1523 2283 1655 2365 fiat,
1724 2283 2009 2366 scriptori
2075 2303 2196 2347 non
2264 2283 2418 2348 satis
2484 2283 2767 2346 accurato
2821 2282 2895 2345 in

699 2404 972 2467 mentem
1020 2403 1226 2467 venire
1271 2404 1452 2469 facile
1495 2405 1701 2486 potuit
1732 2375 2015 2468 'conicere
2062 2405 2403 2470 Draconem
2444 2405 2633 2468 fuisse
2676 2422 2896 2468 eorum

697 2524 1031 2588 auctorem.
1101 2525 1184 2588 Et
1228 2543 1408 2590 causa
1451 2526 1755 2607 quaedam
1799 2526 1964 2592 haud
2012 2527 2134 2590 3010
2170 2546 2248 2589 an
2280 2526 2493 2602 fuerit,
2522 2544 2634 2590 cur
2665 2525 2899 2589 Pollux

700 2681 778 2692 -—-
827 2647 925 2710 vel
979 2647 1054 2724 13,
1124 2648 1232 2728 qui
1287 2649 1452 2712 hunc
1507 2649 1709 2714 locum
1755 2650 1997 2732 primus
2038 2649 2400 2730 conscripsit
2453 2686 2525 2694 -
2574 2651 2891 2712 auctorem

697 2771 942 2832 certum
986 2769 1350 2851 ephetarum
1393 2770 1672 2835 invenire
1716 2771 1926 2845 vellet,
1982 2771 2130 2853 quia
2173 2773 2357 2854 paulo
2402 2773 2537 2853 post
2584 2771 2897 2854 Areopagi

695 2891 909 2954 auctor
973 2894 1509 2974 commemoratur,
1583 2892 1786 2957 Solon.
1900 2893 2120 2974 Itaque
2187 2895 2347 2957 recte
2412 2893 2571 2958 1111111
2639 2893 2894 2958 videtur

695 3011 909 3094 colligi
954 3031 1124 3094 posse
1167 3013 1289 3079 1011
1335 3015 1480 3078 111110
1523 3015 1853 3080 enuntiato
1906 3015 2213 3080 Pollucis:
2271 3014 2541 3099 Δράκων
2594 3009 2903 3088 δἀὕτούς

697 3115 1094 3222 κατέστησεν
1156 3132 1535 3224 ἀριστίνδην
1588 3137 1995 3221 αἱρεθέντας,
2052 3155 2297 3200 0111110111
2352 3136 2537 3202 fidem
2583 3137 2893 3220 abrogan-

697 3261 841 3325 dam
885 3281 1012 3327 esse
1027 3263 1106 3343 7).

879 3489 934 3553 l)
972 3487 1130 3547 Phil„
1171 3485 1237 3538 N.
1275 3485 1326 3540 J.
1369 3485 1528 3545 1872;
1566 3483 1667 3538 Rh.
1706 3483 1841 3536 Mus.
1881 3484 2015 3536 1872
2056 3483 2160 3551 (ed.
2201 3483 2377 3550 1874).

872 3577 930 3640 2)
968 3574 1166 3629 Weckl.
1208 3573 1360 3627 1873.

875 3667 930 3730 3)
969 3665 1134 3734 Lang.
1174 3663 1325 3716 1874.

869 3755 928 3820 4)
964 3753 1120 3814 Ρ1111.,
1160 3755 1250 3804 Ar.
1286 3769 1336 3804 u.
1373 3749 1505 3819 Eph.
1547 3751 1698 3803 1874.

874 3846 930 3907 5)
973 3840 1371 3902 Alexanderson,
1418 3839 1568 3892 1885.

874 3932 931 3994 6)
968 3930 1032 3987 V.
1071 3947 1240 3998 supra·
1263 3947 1312 3998 p.
1353 3930 1437 3981 13.

876 4025 930 4088 7)
971 4017 1377 4072 Forchhammer
1435 4047 1494 4055 -
1554 4013 1863 4084 Philologus
1925 4013 2072 4076 1876,
2120 4031 2167 4082 p.
2215 4013 2497 4066 465-473
2546 4041 2608 4052 -—-
2656 4012 2899 4066 Pollucis

697 4110 856 4164 verba
892 4109 970 4163 ita
1003 4109 1382 4176 interpretatus
1420 4109 1519 4168 est,
1559 4107 1620 4157 ut
1654 4101 1857 4156 diceret
1894 4103 2185 4154 Draconem
2220 4102 2439 4170 ephetas
2477 4115 2577 4153 non
2616 4101 2891 4154 institu-

697 4199 852 4262 isse,
901 4196 991 4250 sed
1037 4194 1102 4248 de
1151 4195 1216 4247 iis
1253 4194 1358 4246 iam
1395 4197 1552 4246 antea
1586 4191 1849 4244 institutis
1886 4189 2227 4259 praecepisse,
2267 4193 2327 4242 ut
2364 4185 2686 4256 ἀριστίνδην
2720 4188 2889 4258 elige·

694 4291 889 4340 rentur.
974 4275 1300 4350 αἶρεθέντας
1354 4282 1493 4334 0111111
1541 4295 1709 4333 accae.
1755 4277 2093 4348 praedicativ.
2150 4293 2287 4332 esse:
2342 4277 2589 4330 ⁴’Drakon
2626 4275 2761 4330 habe
2798 4275 2891 4330 die
