3242 5042
856 435 930 490 14

933 584 1207 650 Pollucis
1274 588 1629 653 testimonio
1703 589 1795 654 ita
1861 589 2099 656 elevato
2168 592 2331 657 nihil
2397 593 2567 658 ultra
2632 594 2955 676 prohibere

757 706 960 771 censet
1003 705 1115 784 M„
1159 708 1486 789 quominus
1528 711 1675 774 ante
1717 708 2054 774 Draconem
2102 711 2350 792 ephetas
2396 712 2694 778 iudicasse
2736 712 2949 777 existi-

765 841 1015 906 memus,
1058 844 1250 908 neque
1295 827 1678 893 iudicasse
1722 830 1917 894 solum
1954 831 2056 895 sed
2094 831 2278 896 etiam
2316 852 2445 915 pro
2479 834 2742 898 senatu
2771 852 2947 898 con·

761 942 972 1007 sulta
994 961 1126 1010 sse.
1209 944 1506 1012 Constare
1547 948 1711 1012 enim
1747 967 1919 1032 reges
1962 950 2124 1032 apud
2169 952 2404 1017 veteres
2448 951 2709 1018 Graecos
2736 973 2773 1018 a
2802 971 2945 1017 con·

757 1060 902 1126 silio
949 1063 1248 1130 nobilium
1296 1068 1486 1134 fuisse
1528 1069 1776 1134 adiutos
1818 1072 1881 1134 et
1925 1070 1989 1133 in
2036 1071 2443 1136 consultando
2486 1073 2561 1136 de
2602 1091 2667 1136 re
2696 1071 2947 1154 publica

755 1183 818 1245 et
863 1181 926 1246 in
971 1183 1297 1253 iudicando
1347 1188 1421 1252 de
1463 1189 1765 1254 caedibus.
1841 1190 2023 1272 Apud
2069 1190 2577 1258 Lacedaemonios
2620 1194 2683 1256 et
2728 1189 2947 1256 Corin-

758 1302 922 1367 thios
980 1324 1108 1370 rem
1163 1325 1226 1370 se
1278 1307 1372 1371 ita
1424 1307 1711 1374 habuisse
1753 1312 1990 1376 certum
2036 1329 2165 1376 esse
2206 1310 2529 1387 admonet3
2572 1312 2636 1376 et
2679 1311 2948 1376 Athenis

757 1423 888 1488 sine
955 1425 1139 1492 dubio
1205 1428 1673 1510 eupatridarum
1718 1430 2001 1494 senatum
2044 1446 2185 1494 cum
2234 1430 2483 1514 regibus
2527 1431 2625 1496 his
2670 1429 2945 1496 muneri-

755 1543 868 1608 bus
914 1545 1198 1612 functum
1243 1566 1389 1612 esse.
1481 1546 1799 1614 Pollucem
1856 1550 2065 1616 docere
2112 1587 2189 1598 -—
2238 1570 2613 1634 quamquam
2658 1553 2825 1617 enim
2871 1552 2946 1616 de

754 1666 1028 1749 tempore
1071 1670 1135 1732 et
1178 1670 1423 1733 auctore
1467 1669 1829 1751 ophetarum
1876 1669 2405 1736 instituendorum
2436 1672 2758 1747 erraverit,
2799 1671 2945 1735 nul-

667 1881 672 1884 ·
754 1786 883 1851 lam
949 1807 1075 1853 esse
1139 1809 1408 1870 causam,
1475 1807 1583 1854 cur
1652 1790 1725 1854 de
1788 1791 2008 1854 ceteris
2072 1792 2129 1856 ei
2195 1791 2379 1857 fidem
2437 1792 2802 1874 abrogemus
2862 1827 2942 1838 --

755 1908 1005 1990 ephetas
1073 1911 1139 1975 in
1206 1911 1477 1994 quinque
1540 1891 1887 1977 dicasteriis
1940 1909 2269 1987 iudicasse;
2314 1911 2480 1976 inter
2546 1913 2692 1976 haec
2758 1910 2945 1976 Areo-

755 2047 986 2114 pagum
1031 2030 1252 2107 fuisse;
1297 2031 1489 2113 sequi,
1536 2033 1609 2094 ut
1652 2031 1905 2112 ephetae
1949 2032 2013 2096 et
2041 2030 2429 2113 areopagitae
2460 2029 2649 2094 iidem
2686 2030 2941 2095 fuerint.

923 2150 1143 2233 Itaque
1197 2152 1450 2235 ephetas
1504 2151 1686 2236 (sive,
1730 2151 1794 2216 id
1838 2151 1998 2233 quod
2042 2151 2207 2215 idem
2253 2151 2479 2226 valeat,
2523 2148 2943 2232 areopagitas)

749 2269 1102 2350 antiquitus
1145 2272 1209 2336 et
1253 2272 1536 2337 senatum
1581 2272 1770 2336 fuisse
1812 2284 1873 2335 et
1918 2271 2147 2337 iudicia
2187 2269 2537 2336 exercuisse.
2558 2269 2610 2351 ¹)

927 2389 1215 2455 Solonem
1287 2409 1517 2455 novum
1580 2390 1972 2474 Areopagum
2028 2390 2397 2466 instituisse,
2443 2389 2543 2453 cui
2587 2390 2649 2452 et
2694 2387 2939 2452 senato-

747 2508 913 2572 rium
983 2529 1210 2574 munus
1273 2512 1336 2575 et
1404 2510 1655 2586 iudicia,
1712 2529 1869 2592 quae
1922 2512 1997 2576 ad
2060 2513 2267 2576 caedes
2311 2509 2699 2576 voluntarias
2742 2507 2937 2591 perti-

748 2630 986 2703 nerent,
1057 2629 1416 2707 mandaret3
1483 2630 1723 2712 ephetis
1766 2632 1977 2696 autem
2023 2631 2321 2714 quattuor
2365 2633 2567 2696 cetera
2612 2628 2943 2695 dicasteria

747 2747 1084 2830 reliquisse.
1177 2749 1385 2832 anue
1429 2749 1503 2814 de
1545 2767 1728 2814 causa
1771 2750 1999 2816 iudicia
2043 2752 2123 2818 ab
2164 2771 2231 2816 eo
2276 2751 2370 2816 ita
2414 2749 2743 2835 dispertita
2792 2767 2939 2827 esse,

744 2868 902 2949 quod
949 2868 1018 2933 in
1063 2870 1356 2951 quattuor
1399 2869 1536 2934 illis
1578 2869 1927 2934 dicasteriis
1970 2870 2045 2937 de
2088 2871 2176 2938 eis
2214 2871 2499 2937 caedibus
2544 2869 2774 2934 iudicia
2818 2868 2931 2933 ha-

743 2988 1054 3071 berentur,
1100 2990 1200 3056 vel
1244 2989 1430 3055 iustis
1475 2991 1573 3056 vel
1619 3009 1740 3056 non
1785 2991 2177 3070 voluntariis,
2220 3010 2375 3074 quae
2402 2990 2633 3073 expiari
2662 2991 2930 3073 possent,

923 3215 980 3281 1)
1018 3212 1166 3279 Quod
1202 3213 1424 3268 Mueller
1461 3219 1643 3269 censet
1679 3213 1899 3285 ephetas
1938 3214 2147 3270 eosdem
2197 3214 2357 3269 fuisse
2395 3217 2555 3284 atque
2598 3214 2937 3284 areopagitas

745 3303 873 3358 haec
919 3307 1043 3357 ante
1091 3318 1210 3357 eum
1257 3304 1364 3356 iam
1401 3301 1638 3356 Luzacus
1675 3306 1952 3368 statuerat,
1989 3303 2081 3373 qui
2120 3333 2180 3342 -
2219 3303 2663 3357 Exercitationem
2701 3301 2937 3355 academ.

744 3391 959 3461 specim.
1011 3395 1134 3446 tert.
1182 3389 1244 3444 L.
1290 3390 1350 3445 B.
1399 3391 1552 3455 1793,
1597 3409 1647 3461 p.
1686 3391 1786 3443 181
1826 3421 1890 3432 -
1928 3390 2061 3446 haec
2094 3389 2282 3445 habet:
2368 3407 2415 3444 n.
2441 3430 2454 3444 .
2480 3427 2494 3442 .
2522 3431 2535 3443 .
2564 3387 2701 3454 Quin
2740 3389 2786 3441 si
2823 3389 2937 3442 vita

741 3477 893 3532 nobis
939 3482 1188 3548 suppetat
1235 3481 1292 3532 et
1338 3478 1493 3541 vires,
1530 3477 1814 3548 aliquando
1850 3495 2030 3533 sumus
2065 3477 2491 3541 demonstraturi,
2528 3475 2862 3547 Areopagum
2900 3492 2931 3530 a

741 3567 932 3620 ceteris
969 3569 1192 3637 quatuor
1230 3566 1597 3629 tribunalibus,
1636 3582 1769 3636 quae
1806 3567 1870 3621 de
1908 3566 2065 3622 caede
2102 3565 2529 3636 pronuntiabant,
2556 3580 2657 3618 non
2685 3564 2784 3617 nisi
2815 3562 2929 3617 loco

741 3653 864 3708 olim
905 3653 1066 3708 fuisse
1109 3654 1371 3708 diversum
1410 3659 1467 3708 et
1502 3658 1628 3708 ante
1667 3654 1871 3708 Solonis
1908 3659 2137 3709 aetatem
2176 3654 2271 3707 sub
2309 3652 2571 3707 communi
2608 3651 2932 3721 Ephetarum

741 3743 950 3796 nomine
1005 3742 1168 3796 fuisse
1214 3742 1669 3812 comprehensum3
1718 3759 1821 3812 quo
1856 3743 1909 3796 iu
1948 3742 2103 3796 modo
2140 3743 2423 3796 haeserunt
2458 3746 2680 3802 veteres.
2720 3739 2932 3793 Plutar-

739 3831 868 3884 chus
904 3830 1264 3898 praesertim».
1319 3830 1496 3885 Etiam
1532 3831 1753 3886 Platner
1775 3861 1837 3872 —
1859 3831 1969 3885 Der
2003 3831 2223 3886 Process
2260 3829 2367 3883 und
2402 3829 2488 3883 die
2526 3828 2745 3897 Klagen.
2782 3828 2933 3891 1824,

738 3917 779 3980 1,
818 3935 866 3988 p.
905 3918 972 3970 21
1010 3947 1074 3958 --
1115 3918 1310 3972 conicit
1355 3935 1515 3972 unum
1561 3919 1690 3972 olim
1736 3919 2161 3990 areopagitarum
2208 3924 2265 3972 et
2301 3919 2611 3988 ephetarum
2651 3916 2931 3986 collegium

740 4006 920 4069 fuisse,
969 4005 1062 4060 sed
1105 4005 1162 4059 in
1207 4007 1482 4076 Areopago
1537 4007 1698 4061 etiam
1747 4007 2027 4068 archontes
2062 4022 2167 4060 una
2201 4023 2318 4061 cum
2357 4006 2563 4075 ephetis
2599 4004 2933 4067 iudicavisse,

739 4094 863 4162 quia
898 4093 1056 4147 aliter
1091 4093 1324 4163 intelligi
1361 4110 1464 4149 non
1499 4094 1687 4164 possit,
1724 4094 1983 4164 quomodo
2020 4093 2177 4148 Solon
2213 4094 2337 4147 huic
2374 4091 2476 4162 ipsi
2512 4091 2705 4145 iudicio
2742 4092 2929 4156 (Areo-

738 4188 898 4254 pago)
935 4185 1142 4236 tantam
1178 4185 1500 4252 potestatem
1535 4181 1783 4238 addicere
1820 4183 2071 4251 potuerit.
2096 4211 2159 4222 --
2188 4180 2425 4250 Philippi
2464 4179 2497 4232 l.
2536 4179 2573 4232 l.
2616 4178 2768 4243 1874,
2808 4194 2926 4248 pag.

733 4270 858 4324 242.
899 4297 959 4309 -—
998 4268 1093 4324 cfr
1131 4270 1272 4325 infra
1307 4287 1426 4340 pag.
1467 4269 1549 4324 69.
