3242 5042
2410 433 2491 494 39

376 582 762 668 cogitatione
803 583 1108 668 fingerent
1152 583 1222 662 ii,
1269 583 1377 667 qui
1419 585 1737 650 oeusereut
1780 585 2089 650 senatores
2114 584 2356 650 eosdem
2390 585 2579 651 fuisse

380 703 576 787 atque
619 721 964 770 nauel-aros.

559 823 1330 891 Hammarstrandius
1393 825 1563 892 enim
1632 823 1862 890 statuit
1914 825 2247 907 antiquum
2290 812 2570 890 senatum

375 923 582 1011 fuisse
625 963 860 1012 necesse
901 963 1030 1012 esse
1049 947 1094 1030 ¹)

562 1069 846 1134 senatum
889 1065 1075 1132 illum
1117 1067 1184 1134 et
1225 1067 1304 1134 de
1344 1065 1633 1134 caedibus
1675 1065 2109 1150 similibusque
2128 1067 2329 1132 causis
2350 1065 2577 1132 iudicia

380 1186 678 1254 habuisse
689 1188 748 1272 ²)

563 1309 752 1391 atque
795 1308 957 1374 nihil
999 1308 1176 1376 aliud
1221 1307 1414 1374 fuisse
1454 1327 1645 1392 quam
1688 1307 2008 1374 duodecim
2054 1308 2359 1392 principes
2402 1309 2579 1392 (pry-

389 1435 613 1508 tanes),
679 1431 945 1512 quorum
1011 1429 1248 1514 singuli
1315 1428 1583 1514 siugulis
1647 1428 1946 1512 phratriis
1988 1429 2354 1512 praeessent,
2400 1428 2463 1493 et
2506 1427 2575 1492 iu

378 1569 606 1618 eorum
645 1567 902 1616 numero
944 1551 1136 1616 etiam
1179 1551 1478 1634 quattuor
1522 1547 1991 1634 φυλοβασιλεῖς
2031 1549 2221 1616 fuisse
2234 1551 2323 1633 ³)3

564 1672 692 1736 iam
735 1670 1012 1754 antiquis
1053 1670 1434 1754 temporibus
1475 1671 1758 1736 veterum
1801 1671 2087 1754 gentium
2130 1672 2451 1753 terraeque
2480 1669 2577 1734 di-

387 1792 786 1877 scriptionem
834 1791 1038 1866 bellis‚
1082 1792 1655 1876 immigrationibus
1699 1791 2083 1884 mutatisque
2139 1791 2387 1858 sedibus
2434 1790 2581 1856 adeo

381 1913 717 1979 turbatam
761 1930 910 1990 esse,
953 1913 1028 1976 ut
1072 1931 1232 1979 nova
1273 1915 1476 1978 terrae
1517 1912 1915 1994 discriptione
1959 1931 2111 1995 opus
2153 1913 2341 1988 esset3
2386 1913 2573 1977 etiam

389 2033 472 2099 ad
539 2032 847 2102 militares
909 2051 1062 2100 usus
1127 2033 1238 2100 hoo
1303 2051 1542 2098 necesse
1595 2032 1805 2111 fuisse,
1848 2033 1993 2116 quia
2034 2033 2351 2117 imprimis
2393 2032 2581 2098 litora

387 2152 626 2220 tuenda
668 2154 871 2220 essent
913 2155 978 2220 et
1023 2155 1372 2239 navigati03
1414 2153 1493 2218 ob
1536 2171 1673 2219 eam
1710 2169 1843 2218 rem
1874 2152 2231 2218 uauorarias
2250 2151 2579 2217 institutas

391 2291 540 2357 esse,
594 2274 660 2340 et
703 2273 786 2338 48
833 2272 1174 2338 naucrariis
1218 2273 1497 2357 singulos
1539 2271 1875 2356 praefuisse
1918 2289 2280 2348 uauoraros;
2336 2271 2576 2338 eosdem

382 2394 584 2462 etiam
645 2395 954 2460 senatores
1015 2393 1204 2460 fuisse
1217 2441 1233 2470 ,
1300 2393 1479 2476 quod,
1545 2411 1689 2458 oum
1754 2391 2221 2476 eupatridarum
2290 2410 2580 2458 uumerus

385 2515 722 2600 augeretur
787 2531 1044 2598 opesque
1107 2533 1338 2599 eorum,
1391 2513 1562 2600 regia
1605 2514 1908 2598 potestate
1952 2514 2307 2596 imminuta,
2352 2531 2577 2578 cresee—
2678 2505 2682 2511 ’

393 2636 557 2720 rent,
600 2635 886 2718 pluribus
926 2635 1313 2701 senatoribus
1355 2652 1506 2719 opus
1547 2637 1709 2700 esset
1726 2657 1759 2711 ;.

563 2775 633 2822 ex
678 2755 758 2821 iis
803 2756 1067 2822 delectos
1109 2755 1446 2840 duodecim,
1491 2756 1598 2840 qui
1642 2728 1909 2841 singulis
1950 2755 2245 2842 τριπύσι
2288 2755 2581 2839 praefecti

391 2878 614 2955 essent,
659 2880 954 2961 prytanes
997 2895 1432 2942 naucrarorum
1475 2876 1821 2961 appellatos
1861 2896 2010 2960 esse,
2042 2877 2283 2943 eosdem
2306 2877 2369 2942 et
2392 2877 2579 2960 phra-

393 2999 700 3064 triarohos
758 2997 968 3081 fuisse,
1023 3015 1165 3063 oum
1220 2997 1352 3064 veri
1396 2997 1604 3065 simile
1646 3016 1773 3064 esse
1814 2999 2059 3064 censeat
2101 2997 2312 3064 eadem
2358 2996 2579 3081 oppida

389 3119 586 3185 fuisse
625 3119 832 3203 capita
875 3120 938 3184 et
982 3119 1294 3203 trittyum
1330 3119 1392 3184 et
1436 3119 1857 3202 phratriarum
1874 3121 1950 3204 ⁴).

567 3240 666 3305 Ita
711 3258 938 3305 novum
985 3242 1446 3306 naucrariarum
1495 3239 1861 3306 institutum
1906 3239 2223 3306 existimat
2266 3238 2347 3304 Η.
2392 3239 2458 3304 et
2501 3199 2580 3303 ad

393 3359 776 3445 pecuniarios
820 3359 1244 3444 militaresque
1289 3379 1436 3426 usus
1478 3362 1693 3445 aptum
1740 3339 1929 3427 fui‘sse
1971 3361 2035 3426 et
2067 3361 2264 3427 veteri
2292 3358 2580 3444 gentium

393 3480 786 3565 discriptioni
842 3481 1214 3564 amessiam,
1269 3485 1453 3564 atque
1495 3481 1563 3546 in
1612 3499 1866 3548 numero
1911 3499 2344 3548 naucrarorum
2391 3479 2583 3544 fuisse

392 3602 459 3668 et
504 3602 731 3686 φυλῶν
771 3604 834 3668 et
882 3594 1219 3690 φρατριῶν
1262 3602 1612 3686 praefectos.

573 3830 630 3896 1)
685 3827 1044 3892 Hammarstr„
1085 3825 1276 3882 Athen.
1314 3826 1488 3883 statas.
1529 3826 1683 3890 1863,
1724 3844 1773 3898 p.
1812 3827 1897 3882 36.

451 3967 455 3972 ·
573 3935 632 3995 2)
688 3933 818 4000 Pag.
856 3931 943 3986 39.

571 4041 632 4106 3)
687 4037 813 4109 Pag.
851 4037 936 4100 39,
972 4036 1057 4098 41.
1096 4037 1179 4091 42.

573 4147 630 4213 4)
683 4143 744 4200 L.
783 4144 820 4199 1.
858 4161 910 4216 p.
947 4143 1016 4198 4⁷
1055 4159 1131 4214 sq.
