3242 5042
1694 1285 1832 1348 VII.

669 1474 865 1578 Quae
927 1474 1024 1554 sit
1087 1473 1436 1574 Areopaoi
1503 1473 1706 1572 origo
1780 1489 2101 1573 quaeque
2176 1471 2360 1552 inter
2428 1472 2867 1573 Areopaqum

1163 1616 1602 1717 ephetasque
1669 1614 2067 1695 coniunctio
2131 1613 2366 1694 fuerit.

844 1847 1041 1930 Supra
1067 1826 1696 1911 'commemoravimus
1717 1844 1796 1926 ¹),
1830 1863 1971 1908 cum
2006 1844 2287 1908 senatum
2320 1845 2638 1928 antiquum
2665 1846 2860 1910 Athe-

668 1971 972 2034 niensium
1018 1987 1472 2052 quaereremus,
1517 1967 1817 2030 rationem
1854 1985 1986 2030 esse
2020 1966 2363 2030 habendam
2406 1967 2762 2051 ephetarum
2798 1971 2863 2032 et

666 2093 979 2175 Areopagi
1033 2092 1096 2156 et
1152 2107 1588 2154 naucrarorum
1638 2091 1700 2153 et
1742 2092 2071 2173 prytanum
2130 2089 2528 2171 quorundam.
2623 2087 2861 2167 Quibus

669 2215 746 2279 de
793 2214 995 2277 causis
1041 2231 1234 2294 neque
1280 2215 1568 2294 prytanes
1627 2229 1819 2292 neque
1864 2227 2191 2274 naucraros
2236 2211 2603 2294 prytanesve
2649 2231 2861 2276 eorum

668 2336 951 2399 senatum
998 2333 1186 2398 fuisse
1233 2332 1745 2404 existimaremu8‚
1802 2331 1925 2394 iam
1985 2331 2554 2396 demonstravimus,
2646 2333 2864 2397 Proxi-

673 2476 840 2521 mum
889 2459 1001 2530 est,
1050 2455 1121 2520 ut
1168 2455 1241 2518 de
1286 2455 1607 2536 Areopago
1656 2452 2048 2516 disseramus.
2128 2453 2407 2517 Primum
2458 2453 2571 2517 hoe
2616 2454 2859 2537 quaeri-

667 2583 794 2657 tur,
853 2580 1056 2642 utrum
1118 2579 1259 2640 ante
1321 2574 1608 2641 Solonem
1658 2575 1847 2638 fuerit
1890 2576 2253 2658 Areopagus
2300 2593 2507 2640 necne.
2595 2577 2664 2640 In
2711 2575 2863 2640 duas

667 2699 999 2764 dividenda
1043 2717 1178 2762 esse
1224 2699 1616 2781 quaestiones
1664 2696 1907 2761 videtur
1953 2696 2103 2760 haec
2147 2697 2443 2780 quaestio,
2519 2696 2681 2762 Nam
2726 2699 2871 2780 post

667 2821 913 2887 Solonis
959 2823 1222 2886 aetatem
1257 2821 1650 2902 Areopagum
1684 2821 1746 2882 et
1780 2818 2073 2882 iudicium
2107 2817 2297 2882 fuisse
2327 2821 2571 2883 constat
2600 2823 2665 2883 et
2694 2836 2871 2882 sena-

662 2947 820 3008 tum.
889 2943 1106 3026 Itaque
1138 2941 1212 3005 de
1240 2942 1568 3024 Areopago
1599 2940 1829 3004 iudicio
1864 2942 1927 3004 et
1956 2939 2032 3004 de
2056 2932 2402 3023 'Areopago
2438 2940 2657 3004 senatu
2696 2957 2870 3022 sepa·

669 3064 852 3128 ratim
896 3063 1313 3146 quaerendum
1363 3067 1475 3126 est.

852 3185 943 3249 De
999 3185 1324 3267 Areopago
1380 3183 1608 3249 iudicio
1665 3181 1907 3247 facilius
1960 3183 2055 3246 est
2101 3181 2455 3247 diiudicare.
2546 3179 2700 3246 Cum
2747 3181 2863 3246 nisi

670 3307 735 3371 in
806 3307 1130 3388 Areopago
1198 3307 1438 3368 constet
1505 3303 1579 3368 de
1643 3303 2008 3368 voluntariis
2075 3302 2363 3368 caedibus
2429 3301 2690 3366 iudicari
2748 3320 2865 3366 non

671 3417 975 3512 potuisse,
1023 3427 1298 3510 apparet,
1345 3427 1413 3488 ut
1456 3426 1599 3508 post
1645 3423 1932 3488 Solonem
1978 3425 2039 3488 in
2085 3425 2409 3506 Areopago
2455 3423 2686 3487 iudicia
2722 3423 2874 3486 haec

669 3548 946 3614 exercita
991 3567 1142 3622 esse,
1188 3547 1282 3612 ita
1327 3547 1514 3610 etiam
1558 3551 1700 3611 ante
1746 3545 2054 3611 Solonem.
2126 3545 2285 3610 Tota
2317 3545 2467 3610 haec
2498 3545 2867 3609 iudiciorum

671 3670 915 3753 divisio,
968 3663 1088 3753 qua
1147 3667 1475 3732 dicasteria
1520 3686 1663 3731 suas
1708 3667 1990 3752 quidque
2022 3686 2237 3732 causas
2283 3666 2359 3731 ab
2406 3665 2548 3731 aliis
2594 3667 2869 3731 diversas

671 3791 1006 3868 habebant,
1053 3793 1217 3856 certe
1262 3790 1339 3854 ab
1385 3789 1835 3874 antiquissimis
1880 3788 2260 3873 temporibus
2306 3787 2635 3871 repetenda
2674 3790 2769 3850 est
2790 3787 2868 3871 ²).

581 3885 585 3890 ¹
676 3911 758 3976 Ut
806 3911 879 3976 de
927 3910 1168 3994 ephetis
1222 3909 1346 3975 iam
1405 3911 1883 3994 ostendimus³)‚
1954 3910 2043 3975 ita
2110 3909 2185 3974 de
2243 3910 2569 3992 Areopago
2626 3906 2873 3973 fabulae

850 4117 906 4182 1)
944 4115 1081 4172 Vide
1118 4133 1240 4187 pag.
1279 4117 1363 4170 37.

845 4205 906 4270 2)
942 4205 1110 4260 Meier
1146 4209 1202 4260 et
1237 4203 1493 4268 Sohoem.¹
1533 4203 1615 4259 ed.
1653 4203 1866 4274 Lipsius
1906 4202 2059 4269 1881,
2098 4220 2149 4274 p.
2192 4205 2277 4257 13.

847 4293 906 4358 3)
942 4292 1076 4347 Vide
1113 4309 1235 4364 pag.
1273 4292 1321 4346 8.
