<?xml version="1.0" encoding="UTF-8"?>
<!DOCTYPE html PUBLIC "-//W3C//DTD XHTML 1.0 Transitional//EN"
    "http://www.w3.org/TR/xhtml1/DTD/xhtml1-transitional.dtd">
<html xmlns="http://www.w3.org/1999/xhtml" xml:lang="en" lang="en">
 <head>
  <title>
</title>
<meta http-equiv="Content-Type" content="text/html;charset=utf-8" />
  <meta name='ocr-system' content='tesseract 3.04.00' />
  <meta name='ocr-capabilities' content='ocr_page ocr_carea ocr_par ocr_line ocrx_word'/>
</head>
<body>
  <div class='ocr_page' id='page_1' title='image "./deephetarumathe00stgoog_0025.png"; bbox 0 0 3242 5042; ppageno 0'>
   <div class='ocr_carea' id='block_1_1' title="bbox 824 1235 2101 1490">
    <p class='ocr_par' dir='ltr' id='par_1_1' title="bbox 824 1235 2101 1490">
     <span class='ocr_line' id='line_1_1' title="bbox 1409 1235 1524 1298; baseline 0.017 -2"><span class='ocrx_word' id='word_1_1' title='bbox 1409 1235 1524 1298; x_wconf 85' lang='lat' dir='ltr'>lv.</span> 
     </span>
     <span class='ocr_line' id='line_1_2' title="bbox 824 1387 2101 1490; baseline 0.003 -25"><span class='ocrx_word' id='word_1_2' title='bbox 824 1387 994 1467; x_wconf 73' lang='lat' dir='ltr'>Num</span> <span class='ocrx_word' id='word_1_3' title='bbox 1049 1388 1280 1470; x_wconf 79' lang='lat' dir='ltr'>Draco</span> <span class='ocrx_word' id='word_1_4' title='bbox 1333 1391 1639 1490; x_wconf 78' lang='lat' dir='ltr'>ephetas</span> <span class='ocrx_word' id='word_1_5' title='bbox 1694 1392 2101 1472; x_wconf 80' lang='lat' dir='ltr'>instituerit.</span> 
     </span>
    </p>
   </div>
   <div class='ocr_carea' id='block_1_2' title="bbox 327 1593 2569 4210">
    <p class='ocr_par' dir='ltr' id='par_1_2' title="bbox 369 1593 2559 1801">
     <span class='ocr_line' id='line_1_3' title="bbox 539 1593 2559 1682; baseline 0.004 -22"><span class='ocrx_word' id='word_1_6' title='bbox 539 1593 712 1673; x_wconf 85' lang='lat' dir='ltr'>Quod</span> <span class='ocrx_word' id='word_1_7' title='bbox 755 1617 941 1682; x_wconf 88' lang='lat' dir='ltr'>supra</span> <span class='ocrx_word' id='word_1_8' title='bbox 983 1601 1114 1664; x_wconf 83' lang='lat' dir='ltr'>dixi</span> <span class='ocrx_word' id='word_1_9' title='bbox 1129 1603 1150 1640; x_wconf 90' lang='lat'><strong>¹</strong></span> <span class='ocrx_word' id='word_1_10' title='bbox 1157 1615 1176 1677; x_wconf 88' lang='lat'><strong>)</strong></span> <span class='ocrx_word' id='word_1_11' title='bbox 1219 1621 1468 1666; x_wconf 72' lang='lat' dir='ltr'>musam</span> <span class='ocrx_word' id='word_1_12' title='bbox 1513 1621 1679 1668; x_wconf 89' lang='lat' dir='ltr'>nunc</span> <span class='ocrx_word' id='word_1_13' title='bbox 1718 1602 1949 1680; x_wconf 84' lang='lat' dir='ltr'>adesse,</span> <span class='ocrx_word' id='word_1_14' title='bbox 1992 1621 2101 1666; x_wconf 89' lang='lat' dir='ltr'>cur</span> <span class='ocrx_word' id='word_1_15' title='bbox 2130 1603 2559 1670; x_wconf 83' lang='lat' dir='ltr'>testimonium</span> 
     </span>
     <span class='ocr_line' id='line_1_4' title="bbox 369 1717 2296 1801; baseline 0.005 -22"><span class='ocrx_word' id='word_1_16' title='bbox 369 1717 646 1781; x_wconf 80' lang='lat' dir='ltr'><strong>Pollucis</strong></span> <span class='ocrx_word' id='word_1_17' title='bbox 685 1719 1000 1782; x_wconf 82' lang='lat' dir='ltr'>elevatum</span> <span class='ocrx_word' id='word_1_18' title='bbox 1041 1739 1417 1801; x_wconf 66' lang='lat' dir='ltr'>censeamm,</span> <span class='ocrx_word' id='word_1_19' title='bbox 1463 1743 1560 1788; x_wconf 88' lang='lat' dir='ltr'>res</span> <span class='ocrx_word' id='word_1_20' title='bbox 1602 1743 1667 1788; x_wconf 93' lang='lat' dir='ltr'>se</span> <span class='ocrx_word' id='word_1_21' title='bbox 1708 1725 1823 1788; x_wconf 89' lang='lat' dir='ltr'>hoc</span> <span class='ocrx_word' id='word_1_22' title='bbox 1868 1723 2049 1788; x_wconf 91' lang='lat' dir='ltr'>modo</span> <span class='ocrx_word' id='word_1_23' title='bbox 2088 1724 2296 1788; x_wconf 89' lang='lat' dir='ltr'>habet.</span> 
     </span>
    </p>

    <p class='ocr_par' dir='ltr' id='par_1_3' title="bbox 367 1838 2565 2047">
     <span class='ocr_line' id='line_1_5' title="bbox 539 1838 2565 1925; baseline 0.004 -23"><span class='ocrx_word' id='word_1_24' title='bbox 539 1838 830 1903; x_wconf 88' lang='lat' dir='ltr'>Primum</span> <span class='ocrx_word' id='word_1_25' title='bbox 873 1840 1248 1905; x_wconf 63' lang='lat' dir='ltr'>occasionem</span> <span class='ocrx_word' id='word_1_26' title='bbox 1292 1843 1671 1925; x_wconf 71' lang='lat' dir='ltr'>praebebant</span> <span class='ocrx_word' id='word_1_27' title='bbox 1714 1842 1992 1908; x_wconf 82' lang='lat' dir='ltr'>Pollucis</span> <span class='ocrx_word' id='word_1_28' title='bbox 2032 1845 2350 1908; x_wconf 87' lang='lat' dir='ltr'>refutandi</span> <span class='ocrx_word' id='word_1_29' title='bbox 2378 1847 2565 1911; x_wconf 78' lang='lat' dir='ltr'>verba</span> 
     </span>
     <span class='ocr_line' id='line_1_6' title="bbox 367 1956 1504 2047; baseline 0.002 -23"><span class='ocrx_word' id='word_1_30' title='bbox 367 1962 547 2024; x_wconf 83' lang='lat' dir='ltr'>haec:</span> <span class='ocrx_word' id='word_1_31' title='bbox 611 1956 995 2047; x_wconf 74' lang='grc' dir='ltr'><strong><em>ἀριστίνδην</em></strong></span> <span class='ocrx_word' id='word_1_32' title='bbox 1037 1962 1426 2046; x_wconf 73' lang='grc' dir='ltr'><strong><em>αἱρεθέντας</em></strong></span> <span class='ocrx_word' id='word_1_33' title='bbox 1449 1965 1504 2042; x_wconf 87' lang='lat'>²)</span> 
     </span>
    </p>

    <p class='ocr_par' dir='ltr' id='par_1_4' title="bbox 327 2079 2563 2410">
     <span class='ocr_line' id='line_1_7' title="bbox 539 2079 2563 2164; baseline 0.003 -18"><span class='ocrx_word' id='word_1_34' title='bbox 539 2079 656 2145; x_wconf 89' lang='lat' dir='ltr'>Sed</span> <span class='ocrx_word' id='word_1_35' title='bbox 703 2099 940 2146; x_wconf 62' lang='lat' dir='ltr'>necesse</span> <span class='ocrx_word' id='word_1_36' title='bbox 981 2083 1104 2146; x_wconf 90' lang='lat' dir='ltr'>erit</span> <span class='ocrx_word' id='word_1_37' title='bbox 1145 2083 1388 2164; x_wconf 89' lang='lat' dir='ltr'>aliquid</span> <span class='ocrx_word' id='word_1_38' title='bbox 1431 2083 1508 2145; x_wconf 90' lang='lat' dir='ltr'>de</span> <span class='ocrx_word' id='word_1_39' title='bbox 1550 2081 1683 2146; x_wconf 84' lang='lat' dir='ltr'>loeo</span> <span class='ocrx_word' id='word_1_40' title='bbox 1724 2081 1989 2164; x_wconf 89' lang='lat' dir='ltr'>quodam</span> <span class='ocrx_word' id='word_1_41' title='bbox 2033 2084 2217 2146; x_wconf 67' lang='lat' dir='ltr'>antffl</span> <span class='ocrx_word' id='word_1_42' title='bbox 2244 2083 2563 2164; x_wconf 76' lang='lat' dir='ltr'>disserere,</span> 
     </span>
     <span class='ocr_line' id='line_1_8' title="bbox 368 2200 2561 2288; baseline 0.002 -24"><span class='ocrx_word' id='word_1_43' title='bbox 368 2218 550 2282; x_wconf 87' lang='lat' dir='ltr'>quem</span> <span class='ocrx_word' id='word_1_44' title='bbox 593 2201 756 2283; x_wconf 91' lang='lat' dir='ltr'>apud</span> <span class='ocrx_word' id='word_1_45' title='bbox 799 2200 1384 2267; x_wconf 85' lang='lat' dir='ltr'>Pseudo-Demosth.</span> <span class='ocrx_word' id='word_1_46' title='bbox 1433 2203 1572 2268; x_wconf 78' lang='lat' dir='ltr'>adv,</span> <span class='ocrx_word' id='word_1_47' title='bbox 1617 2201 2063 2267; x_wconf 66' lang='lat' dir='ltr'>Mamrtatum.</span> <span class='ocrx_word' id='word_1_48' title='bbox 2097 2221 2154 2283; x_wconf 90' lang='lat' dir='ltr'>p.</span> <span class='ocrx_word' id='word_1_49' title='bbox 2194 2205 2377 2278; x_wconf 88' lang='grc'>1069,</span> <span class='ocrx_word' id='word_1_50' title='bbox 2410 2205 2447 2288; x_wconf 65' lang='grc' dir='ltr'><strong>ς</strong></span> <span class='ocrx_word' id='word_1_51' title='bbox 2479 2209 2561 2270; x_wconf 82' lang='grc'>57</span> 
     </span>
     <span class='ocr_line' id='line_1_9' title="bbox 327 2321 1044 2410; baseline 0.001 -27"><span class='ocrx_word' id='word_1_52' title='bbox 327 2393 344 2410; x_wconf 33' lang='grc'><em>0</em></span> <span class='ocrx_word' id='word_1_53' title='bbox 367 2321 668 2402; x_wconf 79' lang='lat' dir='ltr'>scriptum</span> <span class='ocrx_word' id='word_1_54' title='bbox 713 2322 1044 2386; x_wconf 87' lang='lat' dir='ltr'>habemus:</span> 
     </span>
    </p>

    <p class='ocr_par' dir='ltr' id='par_1_5' title="bbox 368 2433 2569 3127">
     <span class='ocr_line' id='line_1_10' title="bbox 537 2433 2567 2529; baseline 0.004 -27"><span class='ocrx_word' id='word_1_55' title='bbox 537 2439 656 2503; x_wconf 77' lang='grc' dir='ltr'>ἐὰν</span> <span class='ocrx_word' id='word_1_56' title='bbox 707 2441 780 2505; x_wconf 80' lang='grc' dir='ltr'>δὲ</span> <span class='ocrx_word' id='word_1_57' title='bbox 830 2441 1236 2505; x_wconf 72' lang='grc' dir='ltr'><em>αἰδέσασθαι</em></span> <span class='ocrx_word' id='word_1_58' title='bbox 1290 2442 1426 2529; x_wconf 80' lang='grc' dir='ltr'><strong><em>δέῃ,</em></strong></span> <span class='ocrx_word' id='word_1_59' title='bbox 1483 2441 1600 2507; x_wconf 83' lang='grc' dir='ltr'>ἐὰν</span> <span class='ocrx_word' id='word_1_60' title='bbox 1652 2442 1776 2522; x_wconf 83' lang='grc' dir='ltr'>μὲν</span> <span class='ocrx_word' id='word_1_61' title='bbox 1832 2442 2053 2527; x_wconf 80' lang='grc' dir='ltr'><strong><em>πατὴρ</em></strong></span> <span class='ocrx_word' id='word_1_62' title='bbox 2098 2433 2141 2528; x_wconf 81' lang='grc' dir='ltr'><em>ᾗ</em></span> <span class='ocrx_word' id='word_1_63' title='bbox 2186 2438 2237 2529; x_wconf 80' lang='grc' dir='ltr'><em>ἤ</em></span> <span class='ocrx_word' id='word_1_64' title='bbox 2274 2440 2567 2528; x_wconf 73' lang='grc' dir='ltr'><strong><em>ἀδελφὸς</em></strong></span> 
     </span>
     <span class='ocr_line' id='line_1_11' title="bbox 368 2553 2565 2648; baseline 0.003 -25"><span class='ocrx_word' id='word_1_65' title='bbox 368 2553 416 2646; x_wconf 83' lang='grc' dir='ltr'><em>ἤ</em></span> <span class='ocrx_word' id='word_1_66' title='bbox 477 2561 658 2638; x_wconf 78' lang='grc' dir='ltr'><strong><em>υἱεῖς,</em></strong></span> <span class='ocrx_word' id='word_1_67' title='bbox 716 2562 988 2640; x_wconf 75' lang='grc' dir='ltr'><strong><em>πάντας,</em></strong></span> <span class='ocrx_word' id='word_1_68' title='bbox 1045 2556 1092 2648; x_wconf 79' lang='grc' dir='ltr'><strong><em>ἦ</em></strong></span> <span class='ocrx_word' id='word_1_69' title='bbox 1141 2562 1260 2625; x_wconf 82' lang='grc' dir='ltr'>τὸν</span> <span class='ocrx_word' id='word_1_70' title='bbox 1312 2563 1651 2628; x_wconf 78' lang='grc' dir='ltr'><strong><em>κωλύοντα</em></strong></span> <span class='ocrx_word' id='word_1_71' title='bbox 1702 2571 1985 2647; x_wconf 83' lang='grc' dir='ltr'>κρατεῖν·</span> <span class='ocrx_word' id='word_1_72' title='bbox 2038 2563 2154 2626; x_wconf 82' lang='grc' dir='ltr'>ἐὰν</span> <span class='ocrx_word' id='word_1_73' title='bbox 2196 2564 2270 2628; x_wconf 83' lang='grc' dir='ltr'>δὲ</span> <span class='ocrx_word' id='word_1_74' title='bbox 2316 2567 2565 2630; x_wconf 80' lang='grc' dir='ltr'><strong><em>τούτων</em></strong></span> 
     </span>
     <span class='ocr_line' id='line_1_12' title="bbox 368 2673 2569 2770; baseline 0.004 -26"><span class='ocrx_word' id='word_1_75' title='bbox 368 2680 599 2767; x_wconf 84' lang='grc' dir='ltr'><strong><em>μηδεὶς</em></strong></span> <span class='ocrx_word' id='word_1_76' title='bbox 639 2673 708 2769; x_wconf 77' lang='grc' dir='ltr'>ἦ,</span> <span class='ocrx_word' id='word_1_77' title='bbox 751 2685 974 2770; x_wconf 71' lang='grc' dir='ltr'><strong><em>κτείνῃ</em></strong></span> <span class='ocrx_word' id='word_1_78' title='bbox 1017 2680 1078 2746; x_wconf 80' lang='grc' dir='ltr'>δ’</span> <span class='ocrx_word' id='word_1_79' title='bbox 1117 2681 1315 2761; x_wconf 78' lang='grc' dir='ltr'><strong><em>ἄκων,</em></strong></span> <span class='ocrx_word' id='word_1_80' title='bbox 1362 2686 1562 2762; x_wconf 77' lang='grc' dir='ltr'><strong><em>γνῶσι</em></strong></span> <span class='ocrx_word' id='word_1_81' title='bbox 1605 2680 1743 2747; x_wconf 78' lang='grc' dir='ltr'>δὀἱ</span> <span class='ocrx_word' id='word_1_82' title='bbox 1782 2684 2193 2769; x_wconf 75' lang='grc' dir='ltr'><strong><em>πεντήκοντα</em></strong></span> <span class='ocrx_word' id='word_1_83' title='bbox 2222 2686 2334 2751; x_wconf 80' lang='grc' dir='ltr'>καὶ</span> <span class='ocrx_word' id='word_1_84' title='bbox 2366 2677 2462 2761; x_wconf 78' lang='grc' dir='ltr'>εἷς</span> <span class='ocrx_word' id='word_1_85' title='bbox 2494 2692 2569 2753; x_wconf 80' lang='grc' dir='ltr'>οἱ</span> 
     </span>
     <span class='ocr_line' id='line_1_13' title="bbox 369 2799 2565 2886; baseline 0.005 -23"><span class='ocrx_word' id='word_1_86' title='bbox 369 2799 602 2883; x_wconf 80' lang='grc' dir='ltr'><em>ἐφέται</em></span> <span class='ocrx_word' id='word_1_87' title='bbox 659 2800 906 2866; x_wconf 78' lang='grc' dir='ltr'><strong><em>ἄκοντα</em></strong></span> <span class='ocrx_word' id='word_1_88' title='bbox 957 2811 1228 2882; x_wconf 78' lang='grc' dir='ltr'><strong><em>κτεῖναι,</em></strong></span> <span class='ocrx_word' id='word_1_89' title='bbox 1283 2803 1588 2867; x_wconf 66' lang='grc' dir='ltr'><strong><em>ἐσέσθων</em></strong></span> <span class='ocrx_word' id='word_1_90' title='bbox 1633 2805 1706 2867; x_wconf 80' lang='grc' dir='ltr'>οἱ</span> <span class='ocrx_word' id='word_1_91' title='bbox 1743 2803 2085 2886; x_wconf 82' lang='grc' dir='ltr'><strong><em>φράτερες,</em></strong></span> <span class='ocrx_word' id='word_1_92' title='bbox 2128 2804 2246 2870; x_wconf 74' lang='grc' dir='ltr'>ἐὰν</span> <span class='ocrx_word' id='word_1_93' title='bbox 2286 2809 2565 2886; x_wconf 73' lang='grc' dir='ltr'><strong><em>θέλωσι,</em></strong></span> 
     </span>
     <span class='ocr_line' id='line_1_14' title="bbox 371 2917 2563 3012; baseline 0.005 -29"><span class='ocrx_word' id='word_1_94' title='bbox 371 2922 550 2984; x_wconf 80' lang='grc' dir='ltr'><strong><em>δέκα·</em></strong></span> <span class='ocrx_word' id='word_1_95' title='bbox 604 2921 880 2996; x_wconf 77' lang='grc' dir='ltr'><strong><em>τούτους</em></strong></span> <span class='ocrx_word' id='word_1_96' title='bbox 921 2925 1130 3006; x_wconf 85' lang='lat' dir='ltr'>(codic.</span> <span class='ocrx_word' id='word_1_97' title='bbox 1177 2925 1455 3005; x_wconf 79' lang='grc' dir='ltr'><strong><em>τούτοις)</em></strong></span> <span class='ocrx_word' id='word_1_98' title='bbox 1499 2921 1633 2988; x_wconf 80' lang='grc' dir='ltr'>δὀἱ</span> <span class='ocrx_word' id='word_1_99' title='bbox 1672 2923 2083 3008; x_wconf 79' lang='grc' dir='ltr'><strong><em>πεντήκοντα</em></strong></span> <span class='ocrx_word' id='word_1_100' title='bbox 2126 2927 2238 2990; x_wconf 80' lang='grc' dir='ltr'>καὶ</span> <span class='ocrx_word' id='word_1_101' title='bbox 2281 2917 2377 3001; x_wconf 77' lang='grc' dir='ltr'>εἷς</span> <span class='ocrx_word' id='word_1_102' title='bbox 2418 2927 2563 3012; x_wconf 79' lang='grc' dir='ltr'><strong><em>ἄρι-</em></strong></span> 
     </span>
     <span class='ocr_line' id='line_1_15' title="bbox 371 3043 1076 3127; baseline 0.003 -24"><span class='ocrx_word' id='word_1_103' title='bbox 371 3043 643 3127; x_wconf 82' lang='grc' dir='ltr'><strong><em>στίνδην</em></strong></span> <span class='ocrx_word' id='word_1_104' title='bbox 685 3045 1076 3124; x_wconf 73' lang='grc' dir='ltr'><strong><em>αἱρείσθων.</em></strong></span> 
     </span>
    </p>

    <p class='ocr_par' dir='ltr' id='par_1_6' title="bbox 367 3163 2569 4210">
     <span class='ocr_line' id='line_1_16' title="bbox 541 3163 2565 3251; baseline 0.004 -25"><span class='ocrx_word' id='word_1_105' title='bbox 541 3163 657 3227; x_wconf 87' lang='lat' dir='ltr'>Est</span> <span class='ocrx_word' id='word_1_106' title='bbox 699 3165 848 3228; x_wconf 89' lang='lat' dir='ltr'>haec</span> <span class='ocrx_word' id='word_1_107' title='bbox 887 3164 957 3228; x_wconf 90' lang='lat' dir='ltr'>in</span> <span class='ocrx_word' id='word_1_108' title='bbox 1003 3164 1344 3229; x_wconf 88' lang='lat' dir='ltr'>orationem</span> <span class='ocrx_word' id='word_1_109' title='bbox 1388 3164 1630 3229; x_wconf 86' lang='lat' dir='ltr'>inserta</span> <span class='ocrx_word' id='word_1_110' title='bbox 1657 3164 1955 3245; x_wconf 88' lang='lat' dir='ltr'>quaedam</span> <span class='ocrx_word' id='word_1_111' title='bbox 1985 3164 2083 3228; x_wconf 81' lang='lat' dir='ltr'>lex</span> <span class='ocrx_word' id='word_1_112' title='bbox 2112 3165 2433 3251; x_wconf 81' lang='lat' dir='ltr'>Draconis,</span> <span class='ocrx_word' id='word_1_113' title='bbox 2454 3171 2565 3236; x_wconf 88' lang='lat' dir='ltr'>ubi</span> 
     </span>
     <span class='ocr_line' id='line_1_17' title="bbox 371 3282 2561 3368; baseline 0.004 -22"><span class='ocrx_word' id='word_1_114' title='bbox 371 3283 445 3346; x_wconf 89' lang='lat' dir='ltr'>de</span> <span class='ocrx_word' id='word_1_115' title='bbox 509 3284 688 3347; x_wconf 84' lang='lat' dir='ltr'>caede</span> <span class='ocrx_word' id='word_1_116' title='bbox 745 3303 866 3348; x_wconf 89' lang='lat' dir='ltr'>non</span> <span class='ocrx_word' id='word_1_117' title='bbox 921 3283 1280 3350; x_wconf 83' lang='lat' dir='ltr'>voluntaria</span> <span class='ocrx_word' id='word_1_118' title='bbox 1331 3285 1562 3368; x_wconf 86' lang='lat' dir='ltr'>agitur.</span> <span class='ocrx_word' id='word_1_119' title='bbox 1652 3282 1774 3362; x_wconf 78' lang='lat' dir='ltr'>Qui</span> <span class='ocrx_word' id='word_1_120' title='bbox 1829 3285 2276 3352; x_wconf 86' lang='lat' dir='ltr'>inconsiderate</span> <span class='ocrx_word' id='word_1_121' title='bbox 2316 3290 2561 3355; x_wconf 86' lang='lat' dir='ltr'>caedem</span> 
     </span>
     <span class='ocr_line' id='line_1_18' title="bbox 367 3403 2562 3488; baseline 0.004 -21"><span class='ocrx_word' id='word_1_122' title='bbox 367 3405 771 3487; x_wconf 80' lang='lat' dir='ltr'>commiserit,</span> <span class='ocrx_word' id='word_1_123' title='bbox 839 3405 972 3470; x_wconf 87' lang='lat' dir='ltr'>eius</span> <span class='ocrx_word' id='word_1_124' title='bbox 1036 3407 1234 3470; x_wconf 86' lang='lat' dir='ltr'>scelus</span> <span class='ocrx_word' id='word_1_125' title='bbox 1297 3406 1529 3488; x_wconf 85' lang='lat' dir='ltr'>expiari</span> <span class='ocrx_word' id='word_1_126' title='bbox 1583 3423 1773 3487; x_wconf 89' lang='lat' dir='ltr'>posse.</span> <span class='ocrx_word' id='word_1_127' title='bbox 1862 3403 2297 3470; x_wconf 85' lang='lat' dir='ltr'>Condicionem</span> <span class='ocrx_word' id='word_1_128' title='bbox 2350 3411 2562 3474; x_wconf 90' lang='lat' dir='ltr'>autem</span> 
     </span>
     <span class='ocr_line' id='line_1_19' title="bbox 371 3523 2561 3610; baseline 0.002 -23"><span class='ocrx_word' id='word_1_129' title='bbox 371 3524 682 3605; x_wconf 85' lang='lat' dir='ltr'>quandam</span> <span class='ocrx_word' id='word_1_130' title='bbox 725 3543 884 3590; x_wconf 88' lang='lat' dir='ltr'>esse:</span> <span class='ocrx_word' id='word_1_131' title='bbox 927 3527 1040 3590; x_wconf 92' lang='lat' dir='ltr'>aut</span> <span class='ocrx_word' id='word_1_132' title='bbox 1081 3545 1209 3591; x_wconf 83' lang='lat' dir='ltr'>esse</span> <span class='ocrx_word' id='word_1_133' title='bbox 1251 3528 1653 3610; x_wconf 82' lang='lat' dir='ltr'>superstitem</span> <span class='ocrx_word' id='word_1_134' title='bbox 1682 3528 1927 3608; x_wconf 85' lang='lat' dir='ltr'>patrem</span> <span class='ocrx_word' id='word_1_135' title='bbox 1954 3523 2139 3590; x_wconf 86' lang='lat' dir='ltr'>occisi</span> <span class='ocrx_word' id='word_1_136' title='bbox 2169 3527 2269 3590; x_wconf 87' lang='lat' dir='ltr'>vel</span> <span class='ocrx_word' id='word_1_137' title='bbox 2304 3528 2561 3592; x_wconf 85' lang='lat' dir='ltr'>fratrem</span> 
     </span>
     <span class='ocr_line' id='line_1_20' title="bbox 375 3622 2563 3729; baseline 0.003 -22"><span class='ocrx_word' id='word_1_138' title='bbox 375 3645 474 3708; x_wconf 79' lang='lat' dir='ltr'>vel</span> <span class='ocrx_word' id='word_1_139' title='bbox 527 3645 714 3728; x_wconf 81' lang='lat' dir='ltr'>filios,</span> <span class='ocrx_word' id='word_1_140' title='bbox 769 3648 910 3710; x_wconf 86' lang='lat' dir='ltr'>tum</span> <span class='ocrx_word' id='word_1_141' title='bbox 955 3666 1193 3713; x_wconf 87' lang='lat' dir='ltr'>necesse</span> <span class='ocrx_word' id='word_1_142' title='bbox 1235 3667 1386 3725; x_wconf 72' lang='lat' dir='ltr'>esse,</span> <span class='ocrx_word' id='word_1_143' title='bbox 1427 3650 1501 3710; x_wconf 85' lang='lat' dir='ltr'>ut</span> <span class='ocrx_word' id='word_1_144' title='bbox 1545 3664 1757 3711; x_wconf 88' lang='lat' dir='ltr'>omnes</span> <span class='ocrx_word' id='word_1_145' title='bbox 1797 3622 1901 3708; x_wconf 84' lang='lat' dir='ltr'>illi</span> <span class='ocrx_word' id='word_1_146' title='bbox 1942 3645 2021 3708; x_wconf 87' lang='lat' dir='ltr'>ad</span> <span class='ocrx_word' id='word_1_147' title='bbox 2067 3644 2265 3708; x_wconf 79' lang='lat' dir='ltr'>&#39;scelus</span> <span class='ocrx_word' id='word_1_148' title='bbox 2306 3649 2563 3729; x_wconf 85' lang='lat' dir='ltr'>expian-</span> 
     </span>
     <span class='ocr_line' id='line_1_21' title="bbox 374 3765 2569 3850; baseline 0.002 -21"><span class='ocrx_word' id='word_1_149' title='bbox 374 3766 523 3829; x_wconf 90' lang='lat' dir='ltr'>dum</span> <span class='ocrx_word' id='word_1_150' title='bbox 565 3767 978 3843; x_wconf 79' lang='lat' dir='ltr'>consentiant,</span> <span class='ocrx_word' id='word_1_151' title='bbox 1027 3767 1126 3830; x_wconf 90' lang='lat' dir='ltr'>sin</span> <span class='ocrx_word' id='word_1_152' title='bbox 1169 3767 1378 3850; x_wconf 89' lang='lat' dir='ltr'>aliter,</span> <span class='ocrx_word' id='word_1_153' title='bbox 1421 3767 1831 3849; x_wconf 80' lang='lat' dir='ltr'>expiationem</span> <span class='ocrx_word' id='word_1_154' title='bbox 1874 3765 2013 3830; x_wconf 90' lang='lat' dir='ltr'>fieri</span> <span class='ocrx_word' id='word_1_155' title='bbox 2056 3785 2179 3830; x_wconf 91' lang='lat' dir='ltr'>non</span> <span class='ocrx_word' id='word_1_156' title='bbox 2208 3785 2408 3848; x_wconf 87' lang='lat' dir='ltr'>posse;</span> <span class='ocrx_word' id='word_1_157' title='bbox 2450 3770 2569 3833; x_wconf 85' lang='lat' dir='ltr'>aut</span> 
     </span>
     <span class='ocr_line' id='line_1_22' title="bbox 375 3887 2561 3967; baseline 0 -18"><span class='ocrx_word' id='word_1_158' title='bbox 375 3887 740 3951; x_wconf 86' lang='lat' dir='ltr'>necessarios</span> <span class='ocrx_word' id='word_1_159' title='bbox 788 3887 938 3951; x_wconf 89' lang='lat' dir='ltr'>illos</span> <span class='ocrx_word' id='word_1_160' title='bbox 989 3889 1180 3953; x_wconf 82' lang='lat' dir='ltr'>occiso</span> <span class='ocrx_word' id='word_1_161' title='bbox 1235 3887 1477 3954; x_wconf 91' lang='lat' dir='ltr'>homini</span> <span class='ocrx_word' id='word_1_162' title='bbox 1530 3887 1754 3967; x_wconf 86' lang='lat' dir='ltr'>deesse,</span> <span class='ocrx_word' id='word_1_163' title='bbox 1800 3887 1941 3948; x_wconf 90' lang='lat' dir='ltr'>tum</span> <span class='ocrx_word' id='word_1_164' title='bbox 1984 3887 2193 3950; x_wconf 86' lang='lat' dir='ltr'>decem</span> <span class='ocrx_word' id='word_1_165' title='bbox 2237 3887 2405 3952; x_wconf 84' lang='lat' dir='ltr'>viros</span> <span class='ocrx_word' id='word_1_166' title='bbox 2448 3888 2561 3950; x_wconf 87' lang='lat' dir='ltr'>hoc</span> 
     </span>
     <span class='ocr_line' id='line_1_23' title="bbox 373 4005 2565 4091; baseline 0.001 -23"><span class='ocrx_word' id='word_1_167' title='bbox 373 4025 626 4070; x_wconf 88' lang='lat' dir='ltr'>munere</span> <span class='ocrx_word' id='word_1_168' title='bbox 669 4007 1146 4073; x_wconf 79' lang='lat' dir='ltr'>necessariorum</span> <span class='ocrx_word' id='word_1_169' title='bbox 1189 4007 1371 4091; x_wconf 85' lang='lat' dir='ltr'>fungi</span> <span class='ocrx_word' id='word_1_170' title='bbox 1415 4005 1654 4087; x_wconf 85' lang='lat' dir='ltr'>debere,</span> <span class='ocrx_word' id='word_1_171' title='bbox 1702 4007 1777 4069; x_wconf 87' lang='lat' dir='ltr'>nt</span> <span class='ocrx_word' id='word_1_172' title='bbox 1816 4005 2133 4088; x_wconf 81' lang='lat' dir='ltr'>piaculum</span> <span class='ocrx_word' id='word_1_173' title='bbox 2162 4008 2273 4071; x_wconf 89' lang='lat' dir='ltr'>aut</span> <span class='ocrx_word' id='word_1_174' title='bbox 2300 4007 2565 4090; x_wconf 86' lang='lat' dir='ltr'>permit·</span> 
     </span>
     <span class='ocr_line' id='line_1_24' title="bbox 373 4128 1104 4210; baseline 0 -20"><span class='ocrx_word' id='word_1_175' title='bbox 373 4129 518 4190; x_wconf 84' lang='lat' dir='ltr'>tant</span> <span class='ocrx_word' id='word_1_176' title='bbox 561 4129 672 4191; x_wconf 88' lang='lat' dir='ltr'>aut</span> <span class='ocrx_word' id='word_1_177' title='bbox 715 4128 1104 4210; x_wconf 82' lang='lat' dir='ltr'>prohibeant.</span> 
     </span>
    </p>
   </div>
   <div class='ocr_carea' id='block_1_3' title="bbox 381 4265 774 4274">
    <p class='ocr_par' dir='ltr' id='par_1_7' title="bbox 381 4265 774 4274">
     <span class='ocr_line' id='line_1_25' title="bbox 381 4265 774 4274; baseline 0 768"><span class='ocrx_word' id='word_1_178' title='bbox 381 4265 774 4274; x_wconf 95' lang='lat' dir='ltr'> </span> 
     </span>
    </p>
   </div>
   <div class='ocr_carea' id='block_1_4' title="bbox 551 4329 2289 4402">
    <p class='ocr_par' dir='ltr' id='par_1_8' title="bbox 551 4329 2289 4402">
     <span class='ocr_line' id='line_1_26' title="bbox 551 4329 2289 4402; baseline -0.002 -17"><span class='ocrx_word' id='word_1_179' title='bbox 551 4337 608 4400; x_wconf 91' lang='lat' dir='ltr'>l)</span> <span class='ocrx_word' id='word_1_180' title='bbox 659 4333 792 4402; x_wconf 87' lang='lat' dir='ltr'>Pag.</span> <span class='ocrx_word' id='word_1_181' title='bbox 831 4333 917 4384; x_wconf 89' lang='lat'>15.</span> <span class='ocrx_word' id='word_1_182' title='bbox 1319 4334 1376 4398; x_wconf 80' lang='lat'>2)</span> <span class='ocrx_word' id='word_1_183' title='bbox 1413 4330 1606 4384; x_wconf 80' lang='lat' dir='ltr'>Totum</span> <span class='ocrx_word' id='word_1_184' title='bbox 1642 4330 1817 4383; x_wconf 87' lang='lat' dir='ltr'>locum</span> <span class='ocrx_word' id='word_1_185' title='bbox 1852 4329 2015 4381; x_wconf 81' lang='lat' dir='ltr'>attuli</span> <span class='ocrx_word' id='word_1_186' title='bbox 2049 4345 2167 4397; x_wconf 84' lang='lat' dir='ltr'>pag.</span> <span class='ocrx_word' id='word_1_187' title='bbox 2206 4330 2289 4381; x_wconf 89' lang='lat'>10.</span> 
     </span>
    </p>
   </div>
  </div>
 </body>
</html>
