3242 5042
2375 441 2453 498 41

349 591 439 668 ΙΙ,
496 593 594 665 15,
639 591 675 674 ἕ
725 595 790 656 l:
839 588 879 677 ἡ
940 587 1198 677 Ἀττικὴ
1257 590 1324 664 ἐς
1381 595 1612 678 Θησέα
1666 588 1771 656 άεὶ
1825 595 1985 654 κατὰ
2040 587 2270 662 πόλεις
2312 585 2539 673 ᾠκεῖτο

349 719 804 796 πρυτανεῖα
847 732 918 776 τε
959 710 1238 792 ἐχούσας
1282 693 1392 777 καὶ
1436 710 1866 798 ἄρχοντας,
1922 695 2307 792 quibuscum‘
2336 711 2543 776 verbis

347 835 668 916 comparat
725 833 762 918 ἓ
820 835 890 898 2:
957 833 1324 907 καταλύσας
1365 835 1493 898 τῶν
1535 832 1753 898 ἄλλων
1796 831 2059 904 πόλεων
2101 831 2183 894 τά
2230 852 2301 894 τε
2344 835 2433 914 βο
2454 854 2536 894 υ-

347 953 746 1040 λευτήρια
790 952 902 1018 καὶ
943 951 1057 1028 τὰς
1100 950 1360 1040 ἀρχάς.
1429 953 1691 1038 Colligit
1734 959 2128 1039 πρυτανεῖον
2158 952 2323 1018 idem
2351 952 2541 1018 fuisse

349 1077 535 1157 atque
578 1074 1070 1160 βουλευτήριον.
1157 1073 1326 1152 Quae
1367 1075 1647 1158 proxima
1688 1077 1837 1142 sunt
1882 1076 2097 1142 verba:
2152 1073 2219 1146 ἐς
2259 1071 2380 1160 τὴν
2420 1073 2540 1136 νῦν

352 1195 553 1259 πόλιν
607 1185 836 1276 οὖσαν,
890 1196 964 1262 ἓν
1016 1195 1484 1284 βουλευτήριον
1541 1191 1896 1272 ἀποδείξας
1950 1194 2062 1260 καὶ
2116 1201 2536 1276 πρυτανεῖον,

349 1314 666 1399 ξυνῷκισε
721 1316 992 1396 πάντας,
1055 1318 1150 1384 ita
1203 1319 1673 1401 interpretatur,
1730 1321 1800 1382 ut
1844 1315 2269 1399 Thucydidem
2312 1315 2539 1380 dixisse

350 1439 559 1520 putet:
636 1438 793 1504 ”Ein
862 1439 1328 1526 βουλευτήριον
1391 1440 1460 1504 in
1528 1439 1671 1504 dem
1736 1438 1935 1504 Einen
2000 1435 2431 1522 πρυτανεῖον”
2454 1438 2535 1520 ¹).

351 1553 721 1624 Societatem
763 1559 1078 1643 quandam
1119 1560 1282 1626 inter
1327 1567 1723 1645 πρυτανεῖον
1764 1561 1829 1625 et
1872 1560 2157 1625 senatum
2200 1559 2312 1624 hoc
2356 1558 2539 1624 modo

350 1678 472 1743 sibi
537 1679 848 1746 invenisse
911 1680 1177 1748 videtur.
1267 1678 1422 1759 Quis
1473 1682 1686 1747 autem
1727 1680 1853 1746 fuit
1897 1680 2011 1744 ille
2053 1687 2319 1756 senatus,
2366 1700 2534 1763 πρυ-

347 1797 606 1873 τάνειςῖ)
669 1801 1048 1868 Herodotum
1099 1837 1180 1850 --
1224 1802 1304 1880 V,
1350 1805 1425 1866 71
1480 1839 1562 1850 --
1607 1802 1989 1884 respondisse
2029 1801 2378 1866 existimate
2440 1800 2542 1863 ”00‘

352 1920 704 2003 πρυτάνιες
745 1924 872 1988 τῶν
915 1921 1318 2008 ναυκράρων,
1347 1927 1426 1988 οἵ
1445 1944 1573 2008 περ
1603 1923 1838 2011 ἔνεμον
1866 1921 2017 1986 τότε
2043 1919 2157 1994 τὰς
2186 1917 2531 2008 Ἀθήνας”.

521 2042 758 2112 Deinde
801 2046 874 2109 ut
918 2043 1192 2110 vindicet
1226 2044 1542 2110 naucraris
1575 2045 1975 2127 vetustatem,
2008 2043 2082 2108 de
2112 2043 2401 2108 societate
2423 2042 2534 2108 ad-

347 2145 578 2241 monet,
644 2181 832 2246 quam
896 2165 1062 2230 iuter
1125 2165 1460 2230 colacretas
1525 2166 1588 2230 et
1656 2183 1982 2230 naucraros
2044 2164 2233 2229 fuisse
2272 2166 2535 2228 constat.

351 2281 698 2377 Colacretas
741 2285 910 2351 enim
957 2323 1037 2332 ———
1084 2288 1230 2350 ante
1271 2286 1594 2368 apodectas
1639 2305 1677 2350 a
1719 2283 2038 2350 Clisthene
2082 2285 2405 2350 institutos
2454 2323 2531 2332 ——

349 2404 798 2486 dispensatores
853 2405 1040 2471 fuisse
1093 2409 1159 2472 et
1203 2407 1368 2473 alius
1411 2407 1701 2490 pecuniae
1742 2407 1805 2471 et
1850 2405 1999 2483 eiua,
2045 2424 2115 2470 ex
2156 2425 2279 2488 qua
2322 2425 2533 2490 sump-

351 2529 452 2590 tus
519 2527 860 2592 naucrarici
926 2527 1162 2592 fierent.
1263 2525 1608 2593 Colacretas
1677 2526 1807 2592 iam
1872 2546 2086 2611 regum
2153 2527 2535 2612 temporibus

349 2645 538 2712 fuisse
579 2648 1049 2713 commonefacit
1077 2667 1420 2732 ‘eorumque
1442 2648 1905 2728 institutionem
1929 2666 2071 2714 cum
2083 2648 2407 2731 Prytaneo
2431 2648 2532 2713 in-

349 2765 503 2832 time
545 2767 877 2834 cohaerere.
970 2767 1138 2834 Nam
1181 2771 1246 2835 et
1290 2777 1650 2854 πρυτανεῖα
1694 2788 1794 2834 eos
1830 2769 2129 2852 accepisse
2168 2774 2229 2835 et
2258 2769 2535 2851 publicas

349 2885 414 2951 in
463 2886 774 2971 Prytaneo
817 2889 1028 2972 epulas
1071 2891 1378 2956 curavisse
1426 2929 1504 2938 -—
1550 2909 1707 2973 quae
1736 2909 1993 2956 munera
2016 2890 2209 2956 etiam
2240 2893 2378 2974 post
2410 2888 2537 2955 Cli-

349 3007 589 3072 sthenis
632 3011 901 3076 aetatem
949 3011 1394 3076 colacretarum
1439 3013 1635 3076 erant.

519 3125 676 3206 Quid
746 3130 1064 3213 impedire,
1129 3132 1456 3215 quominus
1519 3131 1847 3195 credamus
1912 3150 2240 3196 naucraros
2268 3217 2272 3220 ι
2299 3150 2537 3214 quoque

347 3248 474 3314 iam
521 3249 636 3315 illa
680 3270 894 3336 regum
937 3253 1141 3318 aetate
1184 3253 1374 3318 fuisse
1415 3252 1785 3317 institutos?
1851 3251 2017 3318 Haec
2062 3251 2238 3316 nobis
2278 3253 2533 3334 probare

343 3371 603 3435 conatur
671 3391 832 3437 nova
893 3372 1087 3479 ips-ius
1154 3372 1439 3440 vocabuli
1508 3391 1945 3438 naucrarorum
2001 3373 2530 3456 interpretatione.

349 3486 520 3567 Quod
565 3492 730 3556 unde
771 3493 1028 3560 ductum
1053 3493 1251 3573 velit,
1295 3493 1508 3577 paucis
1551 3513 1863 3576 exponam.

516 3611 896 3695 Hesychium
951 3615 1156 3680 adfert
1207 3635 1256 3680 s,
1304 3634 1359 3680 v.
1418 3613 1661 3680 ναύειν·
1710 3614 2023 3680 ἱκετεύειν
2068 3615 2249 3699 παρὰ
2293 3613 2368 3680 τὸ
2415 3615 2531 3682 ἐπὶ

344 3731 463 3818 τὴν
507 3734 734 3798 ἑστίαν
776 3733 1213 3818 καταφεύγειν
1255 3735 1407 3808 τούς
1451 3736 1699 3814 ἱκέταςς
1743 3736 2043 3802 Photium
2086 3756 2140 3802 s·
2183 3756 2241 3802 v,
2287 3737 2533 3803 ναύειν·

346 3852 662 3918 ἱκετεύειν
705 3851 857 3920 ἐπεὶ
901 3853 972 3920 ἐν
1015 3865 1152 3928 τοῖς
1193 3864 1373 3929 ναοῖς
1415 3845 1584 3943 ἦσαν
1628 3849 1673 3943 ἦ
1718 3857 1899 3942 παρὰ
1945 3857 2063 3946 τὴν
2094 3861 2319 3924 ἑστίαν
2346 3858 2528 3944 παρὰ

344 3970 418 4036 τὸ
466 3971 757 4040 ἐναῦσαι.
848 3976 1486 4042 Animadvertendum
1535 3979 1742 4043 censet
1784 3996 1912 4044 esse
1956 3980 2316 4045 vocabulum
2346 3983 2533 4046 ἑστία

522 4182 578 4247 1)
639 4181 786 4236 Hunc
812 4183 986 4238 locum
1012 4183 1068 4236 in
1098 4184 1411 4238 contrariam
1444 4189 1648 4253 partem
1680 4183 2063 4254 interpretatur
2094 4185 2346 4255 Longius,
2377 4186 2531 4248 1874,

345 4283 466 4338 pag.
506 4269 596 4323 64.
1121 4289 1131 4296 ”
