3242 5042
1706 1358 1879 1422 VIII.

949 1565 1046 1648 De
1111 1565 1402 1648 Solonis
1469 1565 1626 1664 leue
1696 1565 2063 1646 oblivionis
2126 1583 2310 1664 quae
2370 1568 2673 1646 vocatur

1377 1705 1588 1801 (Piut.
1654 1706 1801 1788 Sol.
1867 1725 2025 1808 cap.
2089 1707 2231 1810 19.)

871 1921 1219 2003 Antequam
1276 1921 1352 1983 ad
1411 1919 1655 1985 Solonis
1709 1919 1909 2002 legem
1958 1919 2153 1996 illam,
2216 1938 2395 2003 quam
2458 1918 2723 1982 breviter
2770 1919 2893 1980 iam

703 2040 885 2104 antea
953 2041 1281 2123 attigimus
1301 2041 1374 2125 ¹),
1434 2041 1715 2124 pluribus
1760 2041 1965 2104 verbis
2010 2039 2437 2104 illustrandam
2489 2041 2897 2114 transeamu8‚

701 2161 1001 2244 quaedam
1057 2181 1090 2225 e
1151 2163 1448 2226 memoria
1505 2159 1754 2226 illorum
1804 2173 2149 2246 temporum
2200 2161 2530 2244 repetenda
2576 2162 2736 2224 sunt.

875 2282 1227 2346 Interfectis
1295 2286 1508 2346 contra
1565 2283 1751 2347 fidem
1809 2280 2115 2366 CyloneiS‚
2170 2285 2233 2346 et
2275 2282 2771 2354 Alcmaeonidae,
2820 2281 2896 2344 de

703 2403 926 2485 quibus
982 2423 1140 2467 unus
1195 2406 1328 2466 tum
1387 2408 1670 2486 praeerat
1723 2404 2140 2479 archontibus,
2184 2403 2520 2486 Megacles,
2570 2379 2935 2486 sacrilegio*

701 2524 1105 2587 contaminati
1173 2527 1348 2588 erant
1415 2526 1477 2589 et
1543 2527 1675 2589 tota
1740 2525 2205 2589 Atheniensium
2265 2525 2503 2610 civitas.
2610 2523 2896 2606 ingrave-

702 2645 1002 2708 scentium
1048 2645 1247 2727 plebis
1293 2645 1715 2710 calamitatum
1772 2645 2105 2709 adversarii
2151 2644 2728 2709 Alcmaeonidarum
2779 2662 2899 2708 non

703 2767 1274 2852 praetermiserunt,
1332 2769 1479 2851 quin
1526 2768 1917 2832 ostenderent
1960 2787 2203 2833 causam
2253 2786 2385 2831 esse
2432 2767 2593 2850 quod
2640 2755 2726 2829 dii
2776 2766 2897 2829 im-

705 2891 826 2974 piis
872 2890 1000 2954 illis
1047 2891 1475 2954 irascerentura
1565 2889 1772 2966 Solon,
1830 2895 1900 2954 ut
1956 2891 2192 2955 animos
2246 2889 2457 2972 populi
2504 2888 2899 2952 exacerbatos

703 3014 968 3085 sedaret,
1007 3012 1460 3078 Alcmaeonidis
1505 3013 1833 3096 persuasit,
1877 3016 1949 3076 ut
1992 3011 2287 3076 iudicium
2323 3012 2734 3074 trecentorum
2783 3029 2892 3093 op·

667 3134 995 3228 *timorum
1043 3134 1319 3198 subirent
1375 3171 1458 3180 -—
1517 3133 1684 3198 Plut.
1734 3131 1857 3198 Sol.
1907 3151 2037 3215 cap.
2086 3133 2198 3195 12:
2259 3129 2369 3193 καὶ
2424 3128 2732 3209 δεόμενος
2790 3127 2901 3193 καὶ

706 3254 1034 3320 διδάσκων
1090 3255 1320 3318 ἔπεισε
1376 3252 1530 3326 τούς
1584 3251 1832 3332 ἐναγεῖς
1894 3253 2278 3333 λεγομένους
2329 3250 2519 3336 δίκην
2574 3247 2902 3330 ὑποσχεῖν

704 3375 819 3441 καὶ
863 3377 1180 3463 κριθῆναι
1223 3375 1616 3459 τριακοσίων
1668 3369 2047 3460 ἀριστίνδην
2091 3369 2501 3448 δικαζόντων.
2578 3373 2629 3443 A
2677 3371 2901 3455 quibus

705 3498 1090 3562 condemnati
1159 3497 1355 3560 solum
1424 3499 1742 3560 verterunt
1805 3493 2295 3566 Alcmaeonidae,
2350 3495 2412 3557 et
2466 3511 2721 3576 corpora
2767 3493 2891 3557 iam

703 3619 1128 3684 defunctorum
1178 3619 1309 3682 eius
1362 3619 1565 3700 gentis
1634 3617 1948 3681 hominum
2008 3615 2227 3680 effossa
2283 3617 2453 3678 trans
2510 3613 2691 3678 finem
2749 3632 2893 3695 pro-

700 3741 860 3804 iecta
906 3743 1065 3803 sunt.

875 3859 998 3926 Ubi
1043 3860 1304 3924 trecenti
1349 3859 1446 3923 illi
1490 3859 1608 3924 viri
1656 3857 2083 3935 iudicaverint,
2128 3856 2497 3921 Plutarchus
2534 3876 2649 3921 non
2684 3856 2895 3920 tradit.

701 3981 796 4047 Ut
842 3982 990 4046 mihi
1038 3981 1284 4066 quidem
1334 3980 1597 4056 videtur,
1646 3980 1795 4043 haec
1843 3998 1939 4042 res
1986 3997 2020 4042 a
2066 3977 2401 4042 Plutarcho
2450 3979 2540 4041 ita
2586 3979 2893 4053 narratur,

703 4108 773 4167 ut
818 4102 1301 4173 concludendum
1360 4101 1442 4166 sit
1498 4101 1917 4185 quaestionem
1974 4098 2381 4163 voluntariam
2432 4101 2641 4162 extra
2688 4098 2895 4161 ordi-

879 4315 938 4379 1>
974 4314 1094 4369 vid.
1131 4328 1288 4384 supra.
1325 4328 1442 4382 pag.
1480 4313 1548 4364 55
1585 4327 1663 4380 sq.
