3242 5042
745 423 830 480 28

835 569 951 637 Sed
1011 591 1086 638 ne
1142 572 1291 653 quid
1338 572 1606 638 iniuriae
1651 571 1717 636 in
1761 571 2081 636 Pollucem
2124 569 2613 650 committamnS,
2660 572 2865 636 faten-

657 695 810 760 dum
871 695 964 758 est
1020 693 1266 758 Polluci
1323 693 1482 758 vitio
1525 693 1661 758 dari
1706 693 1966 758 fortasse
1994 712 2131 756 ‘non
2176 711 2347 774 posse
2390 712 2423 758 e
2466 694 2672 759 verbis
2714 693 2863 757 τού-

663 837 800 888 τοις
865 815 981 880 cet.
1050 815 1292 896 aliquid
1357 814 1746 880 conclusisse.
1838 814 1921 878 Et
1966 813 2327 896 Philippil)
2378 814 2726 897 suspicatus
2768 817 2865 890 est

662 937 981 1002 Pollucem
1048 956 1169 1001 non
1244 937 1452 1020 ipsum
1518 936 1739 1019 legisse
1805 935 2302 1011 Demosthenem,
2364 953 2507 1000 cum
2572 937 2862 1000 octavum

662 1058 902 1123 librum
958 1059 1301 1136 conficeret,
1359 1059 1424 1122 et
1479 1056 1759 1140 Langius
1772 1057 1829 1140 2)
1883 1057 2157 1122 ostendit
2200 1056 2496 1122 credibile
2538 1075 2664 1122 esse
2709 1056 2858 1122 Pol-

665 1179 869 1244 lucem
935 1178 1015 1243 iis
1077 1197 1262 1244 usum
1316 1198 1465 1257 esse,
1523 1177 1629 1261 qui
1678 1178 1824 1244 ante
1868 1196 2011 1242 eum
2056 1177 2130 1242 de
2174 1177 2273 1243 his
2318 1178 2499 1242 rebus
2542 1195 2858 1244 commen-

663 1300 857 1365 tarios
901 1301 1424 1383 conscripsissent.
1502 1299 1586 1364 Et
1632 1297 2021 1365 Stoientinus
2066 1301 2453 1382 compertum
2482 1318 2609 1364 esse
2638 1300 2855 1364 existi-

664 1423 798 1486 mat
843 1422 1164 1487 Pollucem
1209 1423 1275 1486 in
1321 1425 1536 1488 octavo
1582 1421 1745 1487 libro
1788 1421 2157 1486 conficiendo
2205 1441 2327 1486 uno
2363 1423 2573 1488 tenore
2602 1442 2635 1488 e
2664 1423 2854 1488 Pam-

661 1543 834 1625 philo
901 1545 997 1608 vel
1057 1563 1089 1610 e
1143 1544 1420 1619 Vestin0,
1478 1546 1588 1627 qui
1646 1545 1885 1610 lexicon
1929 1544 2249 1627 Pamphili
2292 1546 2361 1609 in
2408 1545 2589 1610 breve
2630 1545 2851 1628 coegit,

661 1665 1110 1750 excerpsisse3).
1225 1666 1328 1732 Ita
1408 1667 1592 1748 culpa
1680 1666 1779 1730 in
1835 1665 2035 1731 alium
2106 1666 2417 1748 quendam
2492 1666 2852 1748 scriptorem

663 1787 1037 1852 transfertur
1049 1789 1128 1871 4).

647 1893 650 1896 ⁴
834 1908 1182 1974 Praeterire
1236 1929 1355 1974 non
1402 1929 1728 1993 possumus
1771 1910 1931 1992 quod
1978 1930 2013 1974 a
2059 1909 2407 1975 Stoientino
2452 1911 2526 1976 de
2570 1911 2682 1975 hoc
2725 1911 2857 1976 loco

660 2031 997 2113 separatim
1065 2032 1307 2097 dictum
1375 2034 1468 2097 est
1482 2034 1558 2116 5).
1648 2028 1925 2110 Quocum
1991 2033 2327 2098 dolendum
2382 2034 2496 2108 est,
2566 2033 2725 2115 quod
2782 2034 2856 2099 de

658 2155 905 2218 auctore
949 2155 1137 2219 huius
1181 2155 1256 2220 de
1299 2156 1536 2239 ephetis
1580 2155 1701 2220 loci
1746 2155 2023 2220 Pollucei
2066 2155 2297 2220 certius
2334 2155 2674 2237 quidquam
2713 2175 2853 2238 pro-

660 2293 881 2356 ponere
950 2294 1070 2340 non
1136 2277 1366 2358 potuit.
1462 2275 1645 2342 Nihil
1706 2277 1779 2340 de
1834 2276 2034 2359 primo
2092 2277 2277 2347 fonte,
2338 2295 2409 2340 ex
2464 2295 2583 2358 quo
2640 2278 2854 2342 auctor

655 2396 930 2463 Pollucis
975 2398 1087 2462 hoc
1132 2398 1263 2463 loco
1308 2398 1494 2463 verba
1540 2417 1653 2462 sua
1696 2398 1995 2470 hauserit,
2028 2417 2135 2480 pro
2168 2397 2481 2481 explorato
2524 2397 2843 2462 adfirmari

658 2537 829 2600 posse
872 2519 1206 2584 existimat.
1299 2519 1618 2602 Philippio
1664 2522 1851 2603 negat
1897 2539 1959 2584 se
2002 2539 2172 2603 posse
2216 2520 2537 2586 adsentiri.

829 2641 1476 2707 Animadvertendum
1541 2643 1754 2707 autem
1818 2644 1913 2706 est
1982 2641 2405 2708 Stoientinum
2460 2642 2667 2725 ipsum
2711 2661 2852 2725 pro-

656 2763 828 2827 basse
872 2763 1132 2846 Didymi
1175 2764 1715 2841 commentarium,
1760 2763 1837 2828 ad
1884 2765 2151 2828 oratores
2196 2763 2437 2828 Atticos
2480 2765 2849 2842 confectum,

657 2885 895 2949 fontem
951 2923 1033 2934 —
1090 2904 1196 2968 per
1251 2885 1661 2968 Pamphilum
1706 2891 1768 2950 et
1812 2885 2147 2952 Vestinum
2190 2923 2273 2933 —-
2319 2886 2508 2950 fuisse
2552 2885 2847 2952 Pollucis.

647 3006 996 3090 Didymum
1038 3009 1251 3072 autem
1293 3009 1538 3074 constat
1583 3009 1646 3074 et
1701 3027 1771 3073 ex
1826 3009 2172 3074 oratoribus
2223 3010 2285 3072 et
2330 3027 2399 3074 ex
2446 3009 2592 3072 aliis
2648 3009 2841 3091 scrip-

654 3128 893 3193 toribus
937 3129 1231 3196 hausisse.
1323 3127 1438 3195 Sed
1483 3148 1555 3195 ex
1598 3149 1720 3213 quo
1764 3149 1975 3195 eorum
2032 3131 2197 3196 hunc
2241 3133 2315 3196 de
2358 3130 2595 3213 ephetis
2640 3131 2845 3195 locum

835 3321 888 3384 1)
927 3318 1066 3372 Phil.
1111 3317 1265 3383 1874,
1303 3336 1355 3388 p.
1394 3319 1512 3382 140,
1551 3335 1599 3370 n.
1640 3318 1726 3370 43.

827 3425 884 3489 2)
923 3423 1084 3492 Lang.
1127 3423 1282 3488 1874,
1321 3441 1372 3494 p.
1410 3423 1460 3487 6,
1499 3439 1551 3477 n.
1588 3423 1641 3476 6.

831 3531 888 3596 3)
926 3529 1072 3595 Stoi„
1111 3529 1147 3582 l.
1185 3529 1234 3592 l.‚
1273 3547 1322 3599 p.
1359 3530 1444 3582 90.

826 3635 884 3701 4)
923 3633 1071 3700 Quod
1107 3641 1284 3688 autem
1323 3651 1483 3703 supra
1529 3635 2049 3689 commemoravimus
2094 3633 2452 3689 Stoientinum
2498 3634 2563 3689 de
2612 3635 2843 3690 Pollucis

651 3723 754 3777 fide
791 3723 1068 3786 iudicasse,
1109 3723 1442 3777 manifestum
1482 3729 1565 3776 est
1596 3722 1652 3776 id
1676 3723 1839 3778 etiam
1864 3723 1931 3778 ad
1954 3723 2105 3776 illum
2131 3712 2397 3777 auctorem
2424 3723 2536 3777 eius
2562 3724 2839 3793 pertinere.

827 3833 886 3892 5)
926 3830 1052 3883 Stoi.
1091 3829 1125 3884 l.
1163 3829 1198 3882 l.
1237 3846 1284 3898 p.
1324 3830 1556 3891 74-77;
1613 3828 1740 3883 ibid.
1788 3845 1836 3882 n.
1886 3828 1982 3883 91:
2030 3827 2210 3894 ”Quod
2246 3829 2485 3899 Philippi
2521 3830 2747 3899 primum
2784 3829 2839 3882 in

651 3917 836 3972 Jahrb.
872 3917 907 3970 f.
947 3917 1142 3972 Philol.
1198 3917 1350 3980 1872,
1400 3935 1448 3987 p.
1495 3917 1599 3970 604
1647 3933 1726 3986 sq.
1776 3917 2000 3986 protulit
2037 3921 2093 3972 et
2128 3920 2249 3986 post
2285 3933 2403 3972 eum
2441 3917 2534 3970 alii
2572 3935 2664 3986 pro
2703 3933 2843 3970 com·

652 4009 804 4075 perto
843 4009 898 4059 et
935 4005 1202 4075 explorato
1240 4006 1551 4069 habueruut,
1592 4009 1797 4076 partem
1825 4006 1982 4060 huius
2019 4005 2121 4060 loci
2160 4023 2187 4059 e
2224 4005 2501 4060 Demosth.
2544 4005 2735 4065 XLIII,
2774 4007 2839 4058 57

650 4095 896 4164 corrupto
933 4093 1162 4158 fluxisse,
1199 4092 1254 4147 id
1290 4095 1346 4147 in
1383 4094 1482 4148 hac
1518 4110 1692 4148 rerum
1740 4093 2061 4160 condicione,
2108 4095 2417 4163 praesertim
2457 4110 2573 4148 cum
2614 4111 2677 4148 ea
2712 4094 2843 4163 ipsa,

646 4199 779 4252 quae
825 4199 886 4236 ex
923 4183 1014 4236 illa
1055 4183 1353 4252 corruptela
1403 4186 1520 4237 orta
1564 4199 1679 4238 esse
1724 4182 1997 4237 contendit
2033 4183 2290 4254 Philippi,
2327 4199 2420 4254 per
2456 4199 2511 4237 se
2550 4199 2674 4236 vera
2711 4183 2837 4244 nint,

644 4270 776 4324 mihi
813 4271 896 4324 vel
934 4273 1159 4325 maxime
1195 4269 1414 4325 dubium
1453 4269 1709 4325 videtur.”
