3242 5042
2370 461 2447 517 13

345 609 583 691 ephetis
648 629 685 672 a
753 607 1028 672 Dracone
1093 607 1538 672 attribueretur
1554 657 1570 685 ‚
1656 608 1796 672 tum
1870 609 2109 690 ephetis
2172 609 2535 692 ademptum

349 730 534 794 tertio
590 727 864 800 consilio,
933 745 1090 791 novo
1145 726 1480 808 Areopag0‚
1532 746 1570 790 a
1614 724 1836 792 Solone
1879 726 2249 804 traderetur,
2296 763 2389 776 —-·
2424 730 2536 794 hoc

349 849 533 913 fieri
579 847 926 931 potuisse
969 846 1182 930 negari
1224 845 1289 910 id
1335 846 1585 927 quidem
1632 865 1753 912 non
1787 849 2019 929 potest;
2062 856 2534 915 consentaneum

346 969 459 1032 hoc
511 985 640 1032 esse
693 985 836 1032 cum
889 967 1219 1032 verisimili
1276 986 1482 1031 rerum
1521 1007 1528 1014 -
1536 985 1863 1052 progressu
1904 970 1969 1034 et
2011 971 2271 1034 naturae
2312 987 2533 1034 conve-

347 1089 521 1152 niens
574 1107 900 1172 negamus;
957 1088 1250 1152 videntur
1306 1089 1683 1154 mutationes
1722 1088 1875 1153 illae
1918 1089 2121 1174 magis
2164 1109 2234 1154 ex
2276 1089 2535 1155 arbitrio

344 1228 554 1274 eorum
599 1209 910 1288 excidisse,
955 1209 1063 1291 qui
1106 1209 1272 1292 leges
1313 1207 1460 1272 illas
1503 1207 1725 1274 tulisse
1768 1209 2079 1275 dicuntur.
2206 1258 2215 1268 .

519 1330 637 1394 Sed
693 1328 969 1394 dilucida
1023 1329 1170 1391 sunt
1219 1329 1408 1393 verba
1463 1330 1526 1392 et
1581 1328 1859 1394 Pollucis
1904 1331 1969 1393 et
2014 1329 2358 1394 Plutarchi.
2448 1329 2523 1393 In

345 1452 446 1516 his
489 1453 695 1516 totum
739 1453 1052 1515 certamen
1098 1448 1385 1514 vertitur.

517 1573 651 1638 Iam
717 1572 851 1636 illis
917 1570 1316 1654 temporibu8‚
1389 1570 1614 1651 quibus
1690 1568 2145 1636 Schoemannus
2216 1591 2307 1651 ea,
2380 1591 2533 1655 quae

343 1713 528 1776 supra
569 1692 1206 1766 commemoravimus,
1230 1689 1671 1767 conscribebat,
1696 1687 2027 1756 Mueller
2049 1690 2325 1756 Pollucis
2348 1693 2530 1758 verba

343 1814 406 1878 in
456 1814 716 1878 dubium
755 1812 1096 1878 vocaverat.
1167 1809 1358 1874 Cuius
1401 1808 1773 1876 sententiam
1804 1812 1877 1874 ut
1907 1811 2277 1894 repudiaret,
2310 1813 2529 1880 Schoe-

344 1953 608 1999 mannus
651 1933 1168 1999 commentarium
1201 1930 1388 1995 illum
1425 1930 1516 1995 De
1547 1930 1863 2014 Areopago
1888 1931 1951 1994 et
1972 1931 2231 2013 Ephetis
2251 1934 2529 2000 confecit.

513 2055 646 2120 Hoc
689 2055 818 2120 loco
860 2073 893 2118 e
939 2072 1004 2118 re
1047 2053 1305 2118 fortasse
1351 2053 1446 2117 est
1491 2052 1864 2117 sententiam
1902 2051 2193 2117 Muelleri
2222 2073 2531 2137 exponere.

341 2171 542 2252 Quam
585 2174 703 2239 etsi
743 2173 931 2239 certis
976 2172 1355 2237 testimoniis
1397 2171 1761 2238 confirmare
1800 2191 1919 2238 non
1963 2174 2205 2256 poterat
2251 2193 2531 2240 summus

340 2294 450 2359 ille
493 2295 612 2370 vir,
661 2295 873 2359 tamen
917 2293 1149 2357 mirum
1194 2294 1263 2357 in
1306 2293 1558 2359 modum
1603 2313 1745 2359 eum
1790 2293 1965 2376 quasi
2010 2294 2318 2359 divinasse
2362 2293 2528 2360 vide-

341 2414 548 2480 bimus
592 2404 688 2489 id.
725 2414 885 2496 quod
930 2414 1162 2479 maiore
1203 2415 1316 2480 alii
1361 2415 1496 2479 iure
1533 2403 1743 2498 postea
1784 2415 2251 2480 contenderunt.

512 2533 787 2616 Negavit
829 2534 1097 2598 Mueller
1118 2535 1169 2619 ¹)
1214 2535 1453 2601 Polluci
1505 2536 1692 2601 fidem
1737 2555 1865 2601 esse
1909 2534 2276 2600 habendam.
2359 2533 2529 2599 Fieri

341 2655 508 2720 enim
579 2655 848 2738 potuisse
909 2655 1134 2737 censet,
1201 2657 1273 2719 ut
1339 2656 1563 2721 Pollux
1628 2657 1776 2722 haec
1832 2655 2008 2720 nobis
2064 2655 2360 2727 traderet.
2406 2673 2529 2720 non

340 2777 486 2858 quia
557 2777 867 2840 auctorem
935 2775 1206 2857 aliquem
1280 2778 1554 2860 haberet,
1620 2777 1728 2860 qui
1795 2777 1863 2841 id
1920 2776 2168 2852 diceret,
2226 2776 2329 2840 sed
2385 2776 2529 2858 quia

341 2896 488 2960 baec
531 2895 944 2960 concludendo
988 2895 1110 2960 sibi
1153 2899 1568 2980 persuasisset.
1668 2898 1744 2961 In
1790 2895 2033 2980 legibus
2077 2894 2239 2959 enim
2286 2891 2530 2958 Solonis

337 3033 467 3081 esse
510 3017 804 3097 quasdam
862 3018 936 3081 de
979 3017 1264 3082 caedibus
1319 3020 1501 3102 legeS,
1568 3037 1721 3101 quas
1775 3017 2177 3082 manifestum
2224 3015 2309 3078 sit
2353 3012 2521 3080 Solo·

339 3155 483 3200 nem
552 3154 736 3218 prope
800 3137 1080 3220 integras
1133 3158 1166 3203 e
1223 3137 1519 3202 Draconis
1574 3137 1819 3220 legibus
1863 3137 1929 3200 in
1977 3153 2118 3200 suas
2161 3136 2522 3201 traduxisse.

339 3256 650 3338 Apparere
714 3261 922 3323 autem
990 3259 1057 3324 in
1112 3259 1212 3324 his
1270 3257 1697 3322 tantummodo
1753 3256 2018 3340 legibuS,
2077 3275 2113 3319 a
2170 3253 2389 3320 Solone
2433 3275 2527 3321 re-

336 3375 548 3458 ceptis,
615 3377 970 3460 ephetarum
1045 3379 1412 3456 mentionem
1486 3381 1715 3448 factam
1778 3397 1927 3454 esse,
1994 3376 2217 3460 quippe
2281 3376 2389 3458 qui
2455 3376 2527 3440 de

339 3496 515 3560 nulla
557 3515 625 3560 re
669 3498 789 3562 nisi
835 3499 908 3562 de
949 3498 1238 3564 caedibus
1280 3501 1644 3565 iudicarent.
1664 3500 1721 3583 ²)
1806 3495 1937 3575 Quo
1982 3497 2215 3561 factum
2261 3515 2405 3572 esse,
2452 3497 2525 3559 ut

337 3591 606 3699 ephetae.
658 3637 795 3682 cum
843 3621 910 3684 in
957 3617 1286 3684 Draconeis
1331 3620 1464 3684 illis
1508 3619 1753 3704 legibus
1806 3619 2045 3702 saepius
2088 3636 2521 3682 commemora-

337 3738 574 3813 rentur,
619 3757 656 3802 a
699 3737 974 3804 Dracone
1017 3739 1206 3804 fuisse
1248 3740 1535 3804 instituti
1581 3740 1997 3804 crederentur.

515 3928 570 3990 1)
607 3925 672 3980 Κ.
711 3925 773 3980 Ο.
812 3925 1114 3982 Mueller:
1151 3925 1503 3982 Geschichten
1541 3927 1903 3982 Hellenischer
1929 3928 2160 3981 St'amme
2181 3926 2285 3980 und
2316 3926 2522 3994 Stadte,

335 4013 407 4074 Π,
455 4013 553 4066 Die
600 4014 796 4068 Dorien
833 4013 874 4075 1,
921 4031 970 4083 p.
1009 4016 1112 4068 333
1149 4031 1242 4084 sq..
1288 4016 1358 4076 II,
1397 4033 1516 4085 pag.
1557 4017 1659 4068 137
1699 4032 1777 4085 sq.
1850 4015 1967 4084 (Ed.
2008 4031 2099 4085 pr„
2137 4014 2304 4069 Bresl.
2343 4014 2521 4081 1824).

337 4131 404 4144 -—
443 4101 614 4155 Idem:
655 4100 942 4171 Aeschylos
977 4102 1316 4166 Eumeniden,
1355 4103 1531 4159 Goett.
1573 4104 1725 4165 1833,
1764 4120 1881 4172 pag.
1920 4105 2023 4156 153
2059 4120 2134 4172 sq.

511 4209 566 4272 2)
603 4207 788 4272 Plut„
829 4205 929 4261 Sol.
951 4209 1039 4260 17:
1079 4211 1204 4262 τοὺς
1239 4206 1556 4276 Δράκοντος
1589 4206 1791 4276 νόμους
1830 4203 2009 4260 ἀνεῖλε
2046 4205 2189 4272 πλὴν
2219 4205 2331 4258 τῶν
2370 4225 2524 4274 φονι-

334 4296 448 4348 κῶν
483 4294 744 4351 ἅπαντας.
777 4323 842 4334 ·-·
870 4297 1134 4358 Aelian„
1171 4295 1235 4348 V.
1275 4295 1328 4349 h.
1366 4295 1419 4362 8,
1455 4297 1551 4349 10:
1587 4293 1791 4364 μόνους
1830 4292 1891 4348 δὲ
1930 4292 2205 4363 ἐφύλαξαν
2221 4296 2349 4347 τοὺς
2370 4311 2523 4362 φονι-

333 4386 462 4438 κοὺς
499 4381 678 4436 αὐτοῦ.
