3242 5042
2359 493 2439 551 65

513 605 725 669 Tertio
778 605 912 669 loco
965 605 1428 690 Prytaneum
1488 610 2017 672 commemoratur.
2120 605 2277 686 Quid
2324 613 2528 674 autem

344 723 636 808 Prytanei
682 724 1078 790 dicasterium
1126 725 1240 788 hoc
1285 725 1422 790 loco
1453 725 1983 808 interpretandum
2018 729 2155 792 est?
2198 727 2336 792 Non
2368 729 2531 792 idem

341 842 531 907 fuisse
593 846 776 928 atque
843 844 1019 921 illud,
1075 846 1235 930 apud
1292 846 1452 929 quod
1499 847 1763 929 ephetae
1804 848 1879 912 de
1924 842 2218 932 ἀψύχοις
2262 849 2532 913 iudicare

343 963 643 1047 solebant,
691 966 1084 1031 manifestum
1132 969 1242 1030 est.
1320 966 1483 1030 Nam
1527 967 1793 1050 primum
1840 968 2136 1039 iudicium
2178 969 2331 1035 illud
2363 967 2534 1048 ἐπὶ,

343 1103 461 1149 non
519 1083 602 1150 ἐν
659 1088 1040 1171 Πρυτανείῳ
1094 1107 1412 1152 consessus
1459 1107 1600 1152 suos
1647 1087 1915 1153 habebat
1930 1089 2011 1173 ι);
2058 1089 2277 1154 deinde
2324 1109 2357 1154 e
2403 1109 2533 1154 ver-

345 1205 440 1270 bis
485 1206 640 1286 legis
687 1211 943 1292 apparet
986 1209 1102 1273 hoc
1147 1209 1539 1274 dicasterium
1587 1210 1667 1275 ab
1710 1209 1949 1293 ephetis
1984 1212 2292 1276 diversum
2326 1211 2535 1293 fuisse,

349 1343 486 1390 cum
535 1329 790 1392 seorsim
837 1333 1386 1405 commemoretur;
1443 1333 1572 1394 tum
1636 1330 1719 1394 de
1765 1331 2127 1394 caedibus
2174 1333 2252 1398 ab
2298 1332 2535 1415 ephe-tis

342 1442 568 1512 iudicia
615 1450 1068 1534 exercebantur,
1116 1470 1234 1516 non
1279 1450 1396 1515 ἐπὶ
1439 1417 1794 1535 τῦραννίδι.

518 1567 670 1634 Cum
739 1574 945 1636 antem
1014 1573 1174 1637 inter
1241 1593 1450 1638 omnes
1506 1577 1746 1638 constet
1804 1575 1865 1638 in
1922 1574 2038 1638 hoc
2086 1575 2413 1640 dicasterio
2460 1576 2535 1638 de

327 1688 635 1774 ⁴Cyloneis
701 1693 994 1758 iudicium
1063 1694 1296 1760 factum
1366 1714 1521 1772 esse,
1601 1714 1798 1760 nonne
1864 1695 2024 1778 apud
2091 1695 2536 1780 Thucydidem,

347 1812 454 1894 qni
499 1813 860 1878 seditionem
907 1813 1076 1878 illam
1123 1816 1404 1898 pluribus
1441 1816 1643 1881 verbis
1674 1816 1886 1893 tradit,
1920 1817 2279 1900 investigari
2312 1820 2537 1900 potest,

350 1933 496 2016 quid
553 1934 667 2000 hoc
724 1936 1094 2020 Prytaneum
1150 1936 1386 2002 fuerit?
1473 1938 1719 2014 Potest3
1766 1940 1949 2022 atque
1996 1938 2147 2002 adeo
2192 1938 2301 2020 ita,
2351 1941 2417 2002 ut
2462 1939 2537 2003 de

349 2053 461 2118 hac
507 2073 594 2137 re,
640 2073 737 2118 me
782 2055 1030 2138 quidem
1077 2057 1298 2134 iudice,
1346 2057 1442 2121 vix
1491 2057 1759 2141 amplius
1803 2057 2073 2123 dubitari
2104 2059 2320 2142 possit.
2373 2059 2535 2124 Nam

350 2195 484 2241 cum
533 2175 606 2240 οἱ
645 2176 884 2242 πολλοὶ
927 2179 1005 2244 ab
1051 2172 1368 2243 obsidione
1414 2182 1572 2244 arcis
1604 2179 1988 2254 desisterent,
2036 2181 2535 2245 archontibus

347 2301 756 2383 permiserunt
798 2302 877 2364 τό
922 2302 1058 2366 πᾶν
1101 2301 1434 2366 διαθεῖναι
1473 2285 1514 2388 ᾗ
1552 2293 1633 2365 ἄν
1664 2299 1897 2386 ἄριστα
1926 2301 2444 2382 διαγιγνώσκωσι
2462 2303 2531 2385 ²).

349 2422 690 2487 Archontes
757 2424 949 2506 igitur
1019 2443 1089 2488 ex
1158 2443 1267 2488 suo
1327 2424 1582 2488 arbitrio
1642 2425 1716 2488 de
1762 2421 2047 2508 Cyloneis
2091 2424 2533 2489 iudicaverunt.

352 2545 474 2610 Lex
534 2548 740 2611 autem
800 2552 1008 2612 nostra
1065 2548 1243 2611 docet
1287 2544 1586 2630 Cyloneos
1633 2547 1694 2610 in
1741 2530 2128 2631 Prytaneo
2175 2546 2536 2612 condemna·

357 2667 458 2732 tos
518 2687 668 2734 esse.
761 2667 1077 2752 Sequitur,
1134 2672 1206 2732 ut
1261 2669 1717 2751 Prytaneum
1748 2669 1799 2752 ἓ)
1845 2668 1949 2732 sit
1992 2667 2537 2753 archontum4).

531 2927 590 2995 1)
625 2926 978 2983 Weckleinius
1019 2961 1078 2968 —
1123 2929 1274 2992 1873,
1321 2947 1374 2999 p.
1413 2929 1480 2982 25
1517 2945 1594 2998 sq.
1650 2959 1702 2968 -—
1753 2928 2027 2983 contendit
2061 2929 2117 2982 h.
2155 2929 2193 2985 1.
2229 2928 2363 2983 nihil
2399 2929 2543 2984 aliud

355 3033 511 3090 quam
565 3016 904 3072 dicasterium
954 3017 1086 3071 illud
1139 3018 1451 3088 ophetarum
1512 3016 1741 3087 intelligi
1796 3032 1966 3087 posse.
2058 3017 2255 3087 Legem
2308 3020 2541 3072 nostram

357 3105 631 3160 emendare
679 3105 796 3158 vult
850 3103 1022 3159 verbis
1074 3103 1371 3176 Δελφινίου
1427 3101 1552 3182 ὑπὸΒ
1582 3135 1644 3144 -
1700 3121 1832 3174 quae
1878 3122 1907 3160 e
1956 3109 2201 3176 corrupta
2236 3106 2369 3174 lege,
2406 3107 2544 3177 apud

292 3240 296 3244 .
353 3194 549 3249 Andoc.
603 3197 734 3266 περὶ
779 3213 935 3262 μυστ.
987 3195 1018 3262 ἓ
1066 3194 1132 3246 77
1168 3193 1383 3256 inserta,
1423 3194 1618 3264 excipit
1656 3225 1717 3234 --
1756 3196 1878 3247 ante
1915 3192 2027 3245 τῶν
2057 3191 2271 3263 ἐφετῶν
2306 3195 2539 3264 interpo-

357 3282 543 3336 landiS.
617 3281 784 3347 Quam
829 3297 1073 3351 perverse
1118 3281 1217 3334 hoc
1262 3281 1476 3345 faceret,
1523 3297 1641 3336 cum
1679 3298 1707 3336 e
1743 3281 1859 3351 lege
1899 3280 2226 3334 ”foedissime
2265 3281 2536 3352 corrupta”

355 3369 500 3435 (Joh.
536 3369 996 3439 Droysen..1873)
1032 3367 1254 3438 ideoque
1293 3387 1324 3422 a
1359 3367 1560 3423 Weckl.
1599 3370 1713 3438 ipso
1750 3368 2045 3434 emendata,
2095 3369 2266 3438 legem
2308 3373 2544 3423 nostram

359 3456 633 3511 emendare
670 3461 961 3521 conaretur,
1001 3472 1132 3527 quae
1172 3456 1340 3510 multo
1377 3456 1568 3512 certior
1604 3473 1761 3526 quam
1798 3455 1893 3510 illa
1928 3457 2084 3521 esset,
2110 3455 2342 3526 Langius
2363 3457 2543 3522 (1874,

358 3561 409 3614 p.
445 3545 556 3613 40),
592 3543 829 3615 Phili‘ppi
865 3545 1045 3611 (1874,
1093 3561 1142 3614 p.
1182 3545 1285 3598 235
1322 3561 1398 3613 sq.
1436 3561 1486 3598 n.
1525 3545 1618 3612 67)
1658 3543 2163 3600 demonstraverunt.
2202 3573 2267 3585 -
2305 3543 2544 3598 Arbitra-

356 3635 446 3687 tur
481 3635 644 3690 etiam
681 3632 760 3686 W.
801 3661 862 3671 -
899 3633 935 3687 1.
973 3633 1010 3688 1.
1053 3649 1101 3702 p.
1139 3633 1206 3685 28
1259 3663 1312 3672 -
1367 3631 1524 3688 verbo
1563 3632 1778 3702 σφαγήν
1826 3633 2181 3702 significatum
2228 3648 2340 3687 esse
2378 3632 2545 3685 scelus

357 3721 484 3785 eine,
523 3722 615 3791 qui
651 3721 791 3791 apud
827 3721 1184 3790 Delphinium‚
1231 3737 1349 3776 cum
1387 3720 1585 3774 iudices
1628 3717 1800 3790 φόνον
1834 3737 1935 3774 non
1975 3717 2191 3774 δίκαιον
2226 3719 2387 3776 fuisse
2425 3735 2544 3776 cen·

359 3811 550 3873 serent,
589 3809 1044 3865 condemnaretur.
1116 3807 1230 3873 Quo
1265 3809 1377 3863 iure
1414 3808 1514 3862 hoc
1549 3807 1737 3864 fecerit
1772 3806 1872 3871 W„
1910 3809 2022 3878 ipse
2059 3807 2253 3862 videat.

532 3917 590 3982 2)
627 3915 791 3970 Thac.
833 3917 881 3981 1,
927 3916 1040 3968 126.

531 4023 591 4089 3>
629 4019 852 4076 eilbert.
891 4021 1044 4086 1881,
1081 4039 1130 4090 p.
1172 4021 1286 4086 118,
1326 4038 1375 4075 n.
1413 4023 1463 4074 2.

531 4127 590 4193 4)
629 4125 860 4196 Langius
895 4157 961 4168 -
1001 4127 1156 4192 1874,
1195 4144 1245 4197 p.
1283 4126 1493 4180 61-64
1529 4157 1594 4170 ·-
1644 4129 1861 4180 conatus
1900 4129 1981 4179 est
2019 4124 2375 4179 demonstrare
2411 4121 2547 4193 πρύ-

357 4212 511 4268 τανιν
547 4219 603 4271 et
636 4213 930 4289 πρυτάνεις
965 4231 1155 4270 nomen
1192 4215 1436 4285 deinceps
1459 4215 1622 4270 fuisse
1649 4215 1787 4283 (regi
1814 4218 1894 4280 et)
1920 4211 2256 4268 archontibus
2282 4212 2548 4282 perpetuis

361 4305 416 4356 et
460 4305 600 4358 arch.
653 4304 834 4358 decem
880 4319 1130 4359 annorum
1176 4306 1233 4358 et
1288 4303 1428 4357 arch.
1474 4303 1661 4358 annuis
1706 4317 1909 4356 novem.
1984 4298 2143 4352 Certa
2176 4303 2357 4353 tamen
2393 4299 2547 4353 testi·

2320 4407 2353 4460 5
