3242 5042
2356 466 2429 521 11

322 617 460 682 τοῖς
504 608 770 691 ἐφέταις
813 612 1158 694 παρέδωκε
1212 611 1334 698 τὴν
1377 614 1616 696 κρίσιν,
1674 612 1999 694 ἐφέσιμον
2056 610 2194 677 α’πό
2242 617 2361 677 τοῦ
2404 619 2515 697 βα-

328 731 560 802 σιλέως
603 729 1010 816 πεποιηκώς.

495 851 588 915 Ex
643 853 758 918 hoc
811 853 944 918 loco
995 851 1275 917 Pollucis
1329 889 1416 899 —-
1468 851 1631 934 quod
1684 853 1761 916 ad
1806 853 2112 936 originem
2156 856 2517 937 ophetarum

325 972 600 1055 pertinet
643 1011 728 1020 —
771 992 1064 1056 apparere
1105 974 1312 1038 censet
1355 970 1814 1038 Schoemannus

493 1093 748 1174 ephetas
791 1113 829 1157 a
871 1093 1150 1158 Dracone
1192 1092 1520 1156 institutos
1565 1111 1715 1172 esse,

501 1231 758 1279 numero
801 1231 900 1276 eos
943 1211 1398 1295 quinquaginta
1443 1212 1507 1276 et
1543 1231 1741 1277 unum
1792 1212 2002 1288 fuisse,

495 1331 748 1412 ephetas
791 1351 864 1398 ex
905 1331 1372 1415 eupatridarum
1417 1351 1675 1398 numero
1718 1335 1955 1397 creatos
1998 1351 2146 1411 esse,

501 1469 600 1515 eos
663 1453 734 1515 in
796 1451 1068 1533 quinque
1127 1451 1266 1516 illis
1317 1452 1392 1517 de
1449 1453 1739 1518 caedibus
1789 1453 2137 1518 dicasteriis
2181 1453 2282 1534 (in
2326 1452 2520 1517 Areo-

325 1589 502 1654 pago,
559 1573 723 1654 apud
777 1571 1162 1648 Palladium,
1217 1571 1380 1654 apud
1425 1572 1857 1656 Delphinium,
1902 1573 2065 1655 apud
2107 1572 2517 1655 Prytaneum,

325 1691 393 1755 in
437 1691 772 1776 Phreatto)
816 1693 1204 1757 iudicavisse.

497 1827 550 1892 E
598 1832 910 1896 veteribus
965 1829 1350 1895 documentis
1415 1830 1607 1894 etiam
1664 1831 2041 1912 praeclaram
2084 1829 2271 1894 illam
2314 1830 2517 1914 legem

327 1945 568 2013 Solonis
633 1949 838 2015 adfert
903 1947 1378 2024 Schoemannus,
1445 1970 1633 2033 qnam
1700 1950 1877 2014 nobis
1930 1950 2307 2015 Plutarchus
2352 1952 2519 2034 (vita

325 2065 586 2144 SoloniS‚
629 2089 762 2153 cap.
815 2072 926 2154 19)
969 2073 1278 2137 servavit:

489 2196 580 2262 ‘0
643 2198 716 2262 δὲ
781 2202 1306 2283 τρισκαιδέκατος
1357 2198 1530 2275 ἄξων
1585 2201 1705 2262 τοῦ
1761 2197 2067 2271 Σόλωνος
2121 2198 2237 2262 τὸν
2283 2198 2519 2279 ὄγδοον

327 2317 467 2395 ἔχει
511 2321 640 2381 τῶν
683 2319 906 2399 νόμων
949 2313 1156 2392 οὕτως
1197 2317 1422 2393 αὐτοῖς
1465 2317 1747 2398 ὀνόμασι
1790 2323 2261 2399 γεγραμμένον·
2310 2316 2519 2396 „2416-

328 2459 470 2514 μων
539 2433 689 2502 ὅσοι
756 2439 978 2521 ἄτιμοι
1046 2432 1236 2528 ἦσαν,
1295 2439 1456 2522 πρὶν
1511 2434 1556 2528 ἢ
1597 2440 1873 2503 Σόλωνα
1918 2438 2129 2524 ἄρξαι,
2175 2439 2519 2522 ἐπιτίμους

329 2551 499 2622 εἶναι
565 2559 744 2647 πλὴν
797 2557 948 2626 ὅσοι
1003 2563 1076 2639 ἐξ
1127 2562 1387 2644 Ἀρείου
1431 2562 1651 2642 πάγου
1696 2554 1741 2646 ἦ
1784 2553 1936 2625 ὅσοι
1979 2562 2053 2624 ἐκ
2096 2564 2223 2624 τῶν
2266 2562 2519 2646 ἐφετῶν

330 2677 380 2765 ἦ
441 2679 514 2742 ἐκ
579 2685 978 2763 πρυτανείου
1035 2684 1622 2754 καταδικασθέντες
1676 2678 1813 2744 ὑπὸ
1866 2683 1993 2743 τῶν
2036 2683 2358 2764 βασιλέων
2402 2681 2519 2746 ἐπὶ

331 2801 520 2885 φόνῳ
567 2797 612 2888 ἢ
655 2811 1018 2885 σφαγαῖσιν
1063 2797 1108 2890 ἢ
1151 2801 1268 2866 ἐπὶ
1311 2804 1646 2886 τυραννίδι
1700 2803 1983 2886 ἔφευγον
2028 2797 2137 2866 ὅτε
2180 2801 2219 2866 ὁ
2264 2803 2523 2882 θεσμὸς

329 2920 546 3008 ἐφάνη
593 2917 771 3007 ὅδε.,,

501 3061 594 3124 Ex
665 3081 734 3126 ea
793 3062 932 3145 lege
989 3062 1348 3127 concludere
1400 3064 1609 3127 censet
1665 3063 1849 3126 licere
1890 3063 2141 3144 ephetas
2184 3061 2522 3126 disiunctos

329 3181 518 3246 fuisse
561 3183 640 3246 ab
683 3182 1022 3266 AreopagO,
1078 3181 1303 3265 qnippe
1356 3201 1500 3246 cum
1543 3184 1607 3246 et
1650 3181 2007 3265 Areopagns
2050 3184 2113 3244 et
2160 3182 2413 3264 ephetae
2456 3186 2520 3246 et

329 3301 714 3394 Prytaneum
760 3301 926 3365 inter
969 3321 1031 3364 se
1075 3301 1571 3386 distinguantur.

499 3440 666 3504 Haec
731 3439 857 3503 fere
919 3458 1048 3503 esse
1113 3440 1450 3510 existimat.
1517 3459 1673 3523 quae
1736 3439 1923 3503 cert-is
1979 3438 2365 3502 documentis
2417 3438 2514 3502 usi

331 3559 483 3624 scire
527 3559 850 3641 possimus.
939 3556 1074 3638 Qua
1137 3560 1214 3624 de
1281 3578 1464 3624 cansa
1515 3559 1829 3624 exstiterit
1884 3559 1994 3623 hoc
2037 3558 2405 3622 institutum
2454 3560 2516 3619 et

329 3679 630 3760 quomodo
684 3697 826 3743 cum
881 3679 1198 3762 Areopago
1239 3681 1580 3756 cohaereat,
1628 3678 1693 3743 id
1738 3679 1863 3744 nisi
1906 3676 2256 3743 coniciendo
2298 3676 2518 3758 colligi

331 3818 502 3882 posse
545 3801 762 3883 negat:

502 3920 704 4002 primo
765 3921 1096 3984 consilium
1149 3921 1459 4003 quoddam
1514 3918 1681 4002 regis
1736 3919 1835 3982 vel
1878 3919 2165 3982 senatum
2208 3933 2399 3997 usque
2442 3915 2523 3978 ab

329 4038 784 4120 antiquissimis
827 4041 1210 4123 temporibus
1255 4041 1463 4123 fuisse,

499 4159 568 4224 id
631 4159 962 4225 consilium
1027 4163 1091 4226 et
1159 4161 1464 4226 senatorio
1537 4162 1601 4222 et
1667 4156 1952 4222 iudiciali
2020 4173 2272 4220 munere
2340 4153 2520 4218 func-

335 4280 472 4344 tum
511 4298 659 4355 esse,
