3242 5042
2410 453 2489 512 59

387 603 598 686 bat¹)‚
665 606 728 668 et
793 603 1277 681 Corinthiorum,
1331 623 1588 688 quorum
1644 604 1989 687 γερουσίαν
2044 605 2119 668 de
2174 605 2461 670 caedibus
2508 604 2581 668 ἐν

381 725 475 806 τῷ
519 724 958 810 βουλευτηρίῳ
1006 726 1308 789 iudicasse
1351 724 1659 789 Diodorus
1675 725 1733 808 ²)
1782 729 1996 790 auctor
2040 725 2167 790 est'’
2180 726 2257 809 ³).
2324 727 2579 792 Abolito

381 848 520 912 iure
567 867 630 912 se
675 847 878 931 ipsum
925 847 1022 913 vel
1070 848 1320 912 caedem
1375 848 1707 932 propinqui
1754 847 2109 924 ulciscendi,
2168 849 2243 912 de
2290 849 2579 914 caedibus

381 1005 467 1018 -
513 987 654 1034 cum
700 972 762 1034 et
807 970 882 1034 de
927 969 1130 1053 capite
1173 970 1422 1054 vitaque
1466 970 1618 1035 civis
1664 981 1952 1052 ageretur
1995 971 2061 1034 et
2100 989 2281 1054 saepe
2316 971 2581 1054 piaculis

384 1111 536 1176 opus
581 1095 764 1169 esset,
824 1097 950 1158 tam
993 1096 1128 1158 arte
1171 1111 1312 1156 cum
1359 1091 1661 1176 religione
1699 1092 2065 1174 coniunctiS,
2108 1095 2179 1158 ut
2220 1113 2257 1160 a
2304 1094 2580 1177 gentium

387 1213 768 1296 principibus
815 1214 1010 1278 solum
1057 1214 1293 1298 patrari
1339 1215 1590 1296 possent
1634 1251 1718 1260 —-
1766 1214 2223 1297 cupatridarum
2270 1215 2582 1298 principes

379 1334 758 1406 iudicabant.
841 1335 984 1400 Veri
1035 1335 1422 1400 simillimum
1461 1340 1556 1400 est
1590 1337 1707 1400 hoc
1742 1335 2159 1411 dicasterium,
2184 1339 2255 1400 ut
2278 1309 2580 1407 Lacedae-

383 1476 564 1522 mone
632 1461 696 1522 et
761 1456 1060 1532 Corinthi,
1117 1458 1206 1522 ita
1258 1457 1517 1522 Athenis
1573 1458 1741 1522 idem
1787 1457 1975 1522 fuisse
2022 1461 2205 1542 atque
2254 1458 2577 1523 consilium

390 1579 724 1664 1·egium⁴).
817 1579 1140 1645 ”Dubitari
1185 1597 1303 1645 non
1350 1582 1574 1664 potest,
1631 1581 1798 1663 quin,
1844 1584 1914 1645 ut
1959 1583 2163 1646 cetera
2206 1580 2430 1645 iudicia
2481 1599 2581 1644 ca-

384 1701 633 1783 pitalia,
711 1701 800 1766 ita
877 1702 1028 1766 haec
1095 1700 1339 1784 φονικὰ
1408 1702 1750 1785 antiquitus
1816 1720 2001 1785 penes
2071 1720 2279 1784 regem
2350 1701 2579 1765 fuerint

386 1841 612 1906 eosque
674 1824 1002 1906 principes,
1072 1824 1176 1906 qui
1247 1827 1561 1907 tamquam
1621 1823 1952 1887 Homerica
2006 1821 2211 1909 βουλὴ
2260 1821 2581 1907 γερόντων

389 1944 518 2025 regi
589 1944 650 2008 in
721 1943 980 2009 consilio
1037 1948 1230 2010 erant.
1323 1945 1404 2008 Hi
1451 1944 1526 2008 de
1575 1944 1761 2010 variis
1809 1945 2101 2026 φονικῶν
2146 1945 2474 2027 generibus
2518 1945 2583 2008 in

387 2067 578 2130 variis
622 2065 774 2130 locis
819 2066 1199 2141 iudicabant,
1247 2067 1498 2149 antiqua
1541 2065 1707 2130 haud
1750 2065 1933 2130 dubie
1976 2066 2275 2148 religione
2308 2067 2587 2146 sacratis,

383 2188 730 2270 Areopago,
797 2188 1103 2259 Palladio,
1163 2187 1518 2270 DelphiniO,
1576 2188 1894 2262 Phreatto,
1944 2188 2273 2270 Prytaneo,
2322 2208 2583 2270 quorum

252 2309 268 2324 ¹
387 2329 526 2372 cum
594 2329 751 2374 unus
815 2311 877 2373 et
944 2311 1368 2374 sanctissimus
1435 2307 1600 2373 esset
1663 2310 1725 2372 et
1779 2327 2100 2374 causarum
2158 2311 2584 2392 magnitudine

385 2433 606 2496 ceteris
656 2436 1013 2515 praestaret,
1061 2437 1440 2516 Areopagus,
1501 2431 1733 2496 factum
1781 2433 1893 2506 est,
1942 2433 2011 2495 ut
2056 2431 2131 2495 ab
2176 2432 2293 2496 hoc
2336 2433 2582 2516 potissi-

388 2573 555 2617 mum
604 2553 740 2617 loco
786 2553 942 2617 illud
974 2554 1298 2618 consilium
1331 2555 1830 2638 areopagitarum
1863 2553 2297 2637 appellaretur.
2366 2554 2583 2638 Neque

387 2679 596 2739 tamen
651 2691 770 2738 uno
825 2674 1136 2738 iudicandi
1194 2673 1397 2739 officio
1444 2675 1505 2738 hi
1553 2675 1949 2759 areopagitae
1995 2676 2428 2757 fungebantur,
2478 2676 2580 2740 sed

389 2799 462 2862 de
509 2817 752 2863 summa
795 2818 861 2862 re
906 2798 1156 2880 publica
1200 2817 1340 2862 oum
1390 2799 1641 2880 regibus
1672 2799 1869 2882 iisque
1901 2799 2003 2880 qui
2036 2799 2349 2880 inregum
2383 2799 2582 2863 locum

389 2921 813 2984 successerant
881 2919 1278 2984 archontibus
1347 2920 1807 2996 consultabant3
1870 2920 2269 3003 quamobrem
2336 2924 2585 2985 senatus

386 3042 612 3125 potius,
669 3037 708 3126 ἡ
771 3039 842 3104 ἐν
897 3036 1128 3126 Ἀρείῳ
1183 3040 1371 3124 πάγῳ
1417 3039 1646 3127 βουλή,
1692 3061 1872 3124 quam
1921 3042 2237 3117 iudicium,
2281 3040 2589 3128 δικαστή-

389 3184 554 3248 ριον,
602 3161 807 3228 vocari
855 3163 1070 3228 solent.
1161 3163 1300 3228 Non
1355 3163 1519 3227 enim
1565 3183 1601 3227 a
1648 3161 1869 3228 Solone
1916 3163 2159 3226 demum
2208 3138 2369 3228 ‘illud
2416 3183 2587 3228 sena-

388 3285 614 3349 torium
673 3303 894 3350 munus
949 3285 1323 3368 areopagitis
1381 3285 1735 3349 mandatum
1796 3303 1928 3348 esse
1982 3284 2167 3348 etiam
2215 3284 2583 3350 Aristoteles

390 3407 724 3471 arbitratus
781 3406 984 3488 est⁵):
1035 3425 1250 3489 neque.
1309 3407 1544 3489 opinor,
1593 3407 1807 3490 postea
1853 3407 1972 3470 duo
2018 3405 2127 3470 illa
2173 3425 2444 3483 munera,
2491 3407 2582 3471 iu·

567 3617 626 3680 1)
662 3612 826 3669 Arist.
863 3615 1074 3670 Politic.
1111 3615 1160 3677 3,
1199 3619 1247 3678 1,
1288 3619 1338 3669 7.
2005 3650 2029 3688 x

565 3721 622 3786 2)
658 3719 871 3774 Diodor.
912 3720 992 3780 16,
1031 3720 1117 3774 65.

567 3827 626 3890 3)
667 3824 922 3886 861106111.,
963 3825 1042 3880 De
1079 3827 1168 3879 Ar.
1207 3827 1263 3880 et
1298 3824 1434 3895 Eph.
1477 3825 1631 3886 1833,
1668 3842 1717 3895 p.
1760 3823 1879 3877 192.

565 3930 624 3995 4)
663 3929 812 3996 Quod
855 3931 1206 3986 Weckleinius
1252 3930 1528 3986 contendit
1581 3946 1665 3984 res
1717 3930 1774 3983 in
1818 3931 2001 3984 Attica
2046 3945 2102 3984 se
2138 3929 2295 3982 aliter
2333 3927 2582 3981 habuisse

398 4022 557 4088 atque
593 4020 645 4072 in
685 4022 858 4074 cetera
907 4018 1140 4082 Graecia,
1187 4022 1242 4073 et
1287 4035 1430 4073 mera
1466 4017 1769 4072 coniectura
1806 4017 1935 4072 haec
1972 4019 2057 4072 est
2091 4016 2237 4070 nullo
2273 4018 2586 4084 argumento

393 4107 617 4170 firmata,
674 4123 841 4175 neque
895 4107 1025 4162 haec
1079 4107 1346 4160 sententia
1401 4122 1495 4176 per
1547 4121 1602 4160 se
1657 4105 1768 4159 veri
1824 4104 2018 4160 similis
2077 4103 2301 4158 videtur.
2389 4100 2589 4155 Weckl.

395 4194 550 4259 1873,
591 4212 712 4266 pag.
752 4194 834 4247 29.

467 4321 472 4328 ·
571 4305 628 4367 5)
668 4299 889 4354 Aristot.
925 4299 1133 4354 Politic.
1175 4300 1224 4362 2,
1262 4299 1311 4362 9,
1347 4300 1395 4352 2.
1470 4298 1604 4353 Vide
1644 4314 1803 4368 supra
1841 4316 1891 4368 p.
1930 4297 2015 4354 56.
