3242 5042
841 492 921 550 50

755 642 915 708 Tum
958 643 1168 706 autem
1215 659 1336 706 non
1383 643 1529 709 ante
1575 644 1885 708 saeculum
1932 645 2259 727 septimum
2310 647 2481 731 origo
2511 666 2719 712 eorum
2752 649 2960 731 repeti

753 765 980 846 potest.
1070 763 1194 829 Illo
1237 763 1408 828 enim
1455 764 1693 830 saeculo
1738 766 2033 848 primum,
2078 785 2219 831 cum
2252 787 2347 832 res
2379 768 2735 834 maritimae
2756 769 2953 838 Athe·

753 887 1062 954 niensium
1116 886 1450 950 increscere
1491 860 1849 974 coepissent,
1897 888 2163 954 navibus
2206 890 2409 974 longis
2454 890 2530 955 ad
2578 892 2957 957 mercatores

751 1009 1010 1072 tuendos
1055 1009 1119 1070 et
1163 1008 1239 1072 ad
1285 1026 1526 1091 pugnas
1571 1009 1823 1074 navales
1868 1027 2017 1092 opus
2062 1012 2212 1076 erat.
2304 1009 2420 1076 Sed
2462 1031 2584 1076 non
2619 1011 2813 1086 video,
2840 1032 2961 1078 cur

751 1129 1100 1212 putandum
1159 1129 1242 1192 sit
1299 1129 1712 1197 Athenienses
1768 1150 1955 1196 naves
1998 1133 2211 1216 longas
2257 1132 2376 1198 sibi
2421 1151 2775 1216 comparare
2822 1153 2953 1200 non

753 1251 1042 1333 potuisse,
1089 1251 1211 1316 nisi
1259 1251 1618 1318 naucrariae
1659 1256 1875 1318 essent.
1966 1253 2254 1318 Habebat
2298 1254 2491 1318 etiam
2540 1256 2675 1319 tum
2710 1274 2803 1319 res
2827 1274 2955 1338 pu·-

754 1373 917 1438 blica
963 1375 1250 1440 senatum
1293 1376 1356 1440 et
1403 1373 1835 1456 magistratus
1882 1375 2147 1440 habebat
2188 1374 2426 1440 reditus
2460 1375 2959 1458 dispensatores-

746 1479 882 1577 que.
955 1495 1102 1560 Veri
1146 1495 1420 1561 similius
1463 1495 1713 1562 videtur
1770 1498 1977 1562 vetera
2020 1495 2321 1561 instituta
2364 1496 2558 1578 prius
2608 1497 2757 1578 quid
2806 1497 2947 1564 effi·

750 1635 883 1682 cere
927 1619 1192 1699 possent,
1239 1618 1482 1682 tentata
1525 1636 1673 1694 esse,
1719 1636 1902 1699 quam
1939 1636 2095 1682 nova
2124 1617 2445 1682 institutio
2475 1617 2945 1682 desideraretur.

926 1738 1202 1816 Accedit,
1269 1739 1431 1821 quod
1501 1738 1970 1802 naucrariarum
2016 1737 2408 1817 institutum,
2454 1756 2597 1802 cum
2644 1739 2720 1804 ad
2768 1739 2955 1804 mili-⁴

703 1859 707 1864 ’
751 1864 916 1926 tares
979 1861 1481 1944 pecuniariosque
1545 1879 1695 1927 usus
1750 1861 2183 1926 tantummodo
2240 1861 2577 1943 pertineret
2636 1862 2699 1926 et
2742 1863 2961 1957 terrae-

752 1985 1075 2066 discriptio
1131 1986 1308 2061 esset,
1367 1983 1718 2067 gentilitati
1766 1983 2111 2066 oppositum
2158 1982 2309 2056 erat.
2398 1983 2542 2064 Ipsa
2587 1983 2784 2066 igitur
2828 2002 2947 2048 na-

753 2107 900 2170 tura
943 2123 1159 2170 earum
1203 2104 1452 2169 videtur
1498 2101 1740 2170 Solonis
1782 2103 2029 2187 legibus
2072 2104 2273 2186 magis
2304 2103 2685 2186 respondere,
2718 2105 2951 2186 quippe

752 2228 860 2308 qui
916 2227 977 2291 id
1034 2228 1242 2317 ipsum
1297 2227 1520 2310 egerit,
1577 2229 1651 2290 ut
1708 2245 1850 2308 opes
1894 2227 2143 2307 vimque
2186 2226 2471 2309 gentium
2518 2226 2941 2294 imminueret.

755 2385 832 2398 --
881 2348 1090 2430 Atque
1145 2349 1350 2413 multo
1406 2347 1550 2430 plus
1603 2348 1669 2412 id
1714 2347 1903 2426 valet,
1950 2347 2000 2410 si
2047 2349 2187 2428 quis
2230 2365 2561 2414 naucraros
2605 2367 2714 2430 pro
2760 2367 2951 2413 sena-

752 2471 995 2536 toribus
1036 2489 1278 2553 quoque
1320 2471 1562 2536 habeat.
1632 2469 1841 2553 Magis
1885 2471 2049 2536 enim
2096 2469 2413 2552 popularis
2442 2471 2590 2536 haec
2620 2471 2947 2538 institutio

750 2594 891 2656 tum
959 2591 1228 2674 videtur,
1296 2609 1484 2672 quam
1543 2593 1614 2656 ut
1670 2586 1819 2655 ante
1872 2587 2161 2655 Solonem
2206 2591 2475 2656 Athenis
2516 2593 2653 2658 orta
2698 2611 2767 2656 ea
2812 2611 2957 2658 esse

751 2715 1092 2780 existimari
1137 2713 1349 2796 possit.

923 2833 1026 2918 Et,
1073 2836 1122 2898 si
1169 2835 1422 2900 senatus
1465 2835 1753 2898 naucrari
1797 2834 2019 2909 essent,
2067 2851 2303 2898 necesse
2346 2834 2461 2912 est,
2507 2835 2581 2900 ut
2612 2834 2743 2898 illis
2774 2836 2951 2902 tem-

751 2956 1020 3038 poribuS,
1065 2973 1208 3020 cum
1240 2955 1496 3023 deorum
1525 2955 1706 3019 cultu
1730 2973 1829 3020 eos
1850 2955 2116 3036 quodam
2147 2955 2325 3022 modo
2355 2957 2707 3021 coniunctos
2726 2957 2940 3022 fuisse.

748 3074 923 3154 Quod
969 3077 1016 3141 si
1061 3077 1157 3141 ita
1200 3079 1316 3159 est,
1361 3078 1435 3140 ut
1478 3076 1753 3159 potestas
1792 3095 2006 3142 eorum
2050 3076 2347 3144 imminui
2390 3073 2655 3160 poterat,
2688 3077 2781 3144 ita
2818 3099 2939 3145 non

749 3200 990 3281 poterat
1036 3217 1158 3264 non
1201 3197 1562 3282 religiosum
1606 3216 1735 3264 esse
1778 3198 2177 3264 sanctitatem
2222 3217 2437 3266 eorum
2468 3199 2653 3282 plane
2673 3200 2950 3268 abolere.

748 3318 944 3398 Quam
1001 3320 1079 3384 ad
1136 3338 1266 3384 rem
1321 3319 1763 3384 illustrandam
1824 3320 1975 3384 satis
2031 3321 2125 3384 est
2180 3320 2497 3404 βασιλέως
2542 3321 2945 3404 (archontis),

751 3441 1270 3528 φυλοβασιλέων,
1336 3440 1639 3526 Areopagi
1694 3442 2071 3506 mentionem
2124 3442 2335 3506 facere.
2429 3443 2526 3507 Ad
2573 3443 2943 3527 religionem

748 3549 959 3632 autem
1004 3564 1374 3647 pertinuisse
1419 3581 1744 3628 naucraros
1788 3582 1826 3632 a
1870 3561 2045 3628 nullo
2089 3564 2371 3630 veterum
2402 3565 2773 3648 scriptorum
2805 3567 2944 3632 tra--

750 3689 953 3752 ditum
999 3687 1111 3750 est.
1436 3676 1441 3682 ’
2602 3685 2606 3688 ’

919 3809 1160 3890 Itaque,
1219 3807 1270 3872 si
1325 3807 1464 3888 quis
1518 3805 1853 3884 existimat,
1913 3823 2240 3870 naucraros
2298 3825 2335 3870 a
2390 3807 2628 3870 saeculo
2673 3805 2946 3885 septimo

748 3930 1104 4014 repetendos
1149 3948 1292 4012 esse,
1341 3927 1402 3993 id
1449 3928 1608 3992 mihi
1654 3929 1781 3993 veri
1832 3927 2033 3992 simile
2077 3947 2198 3992 non
2244 3927 2513 3992 videtur.
2588 3924 2705 3994 Sed
2730 3928 2945 3994 multo

749 4054 957 4118 minus
1001 4053 1132 4117 veri
1177 4051 1378 4117 simile
1421 4051 1516 4116 est
1555 4069 1653 4116 eos
1696 4052 1836 4114 tum
1868 4051 2095 4113 summi
2117 4051 2165 4132 ¹)
2199 4053 2447 4116 senatus
2477 4069 2731 4115 munere
2750 4050 2935 4115 func-

925 4261 980 4325 1)
1036 4257 1126 4311 Sin
1179 4260 1356 4312 antem
1410 4287 1476 4298 -
1531 4261 1592 4310 ut
1635 4249 2021 4309 Schoemannus
2066 4255 2334 4310 existimat
2390 4287 2449 4295 -
2509 4256 2645 4310 alter
2700 4259 2937 4320 senatus,

749 4351 955 4416 praeter
1007 4348 1354 4416 Areopagum,
1410 4345 1648 4399 naucrari
1694 4343 1921 4402 fuerunt.
1976 4359 2185 4397 causam
2236 4359 2340 4398 non
2394 4341 2561 4408 vitice,
2622 4334 2736 4398 cur'
2774 4341 2941 4397 Solon
