3242 5042
812 449 894 506 48

889 598 1046 664 Cum
1115 598 1464 680 Gilberto¹)
1533 600 2039 665 consentiendum
2110 619 2239 666 esse
2306 601 2591 666 existimo
2634 603 2913 666 censenti

716 721 905 786 verba
951 719 1258 792 Σόλωνος
1300 713 1507 792 οὕτως
1551 716 1997 798 ὀνομάσαντος
2040 722 2133 788 ita
2163 723 2631 804 interpretanda
2660 707 2807 805 esse,
2840 723 2913 786 ut

716 839 1002 907 Solonem
1065 842 1406 907 habeamus
1461 861 1570 924 pro
1618 844 2085 908 naucrariarum
2130 845 2398 908 auctore.
2488 842 2701 926 Neque
2743 845 2908 908 enim

717 963 1087 1044 intellegere
1133 981 1398 1045 possum,
1445 982 1552 1028 cur
1599 961 1781 1030 Solon
1817 983 2045 1030 novum
2078 985 2301 1030 nomen
2324 965 2443 1030 sibi
2466 965 2908 1040 inveniendum

714 1103 840 1149 esse
894 1085 1232 1184 putaverit,
1289 1084 1411 1148 nisi
1469 1103 1597 1148 rem
1646 1104 1882 1168 quoque
1929 1105 2150 1152 novam
2197 1086 2262 1150 in
2310 1086 2760 1168 rempublicam
2806 1086 2907 1150 in-

714 1205 954 1269 duxerit
971 1207 1049 1288 2).

890 1343 1177 1411 Solonem
1249 1347 1604 1412 naucrarias
1673 1347 2024 1414 instituisse
2088 1367 2159 1412 ea
2212 1366 2449 1430 quoque
2502 1349 2707 1425 verba,
2752 1367 2909 1430 quae

711 1469 894 1553 paulo
952 1469 1116 1534 infra
1163 1470 1522 1550 sequuntur,
1577 1469 1908 1534 adfirmare
1963 1469 2283 1535 videntur:
2354 1467 2561 1552 φυλαὶ
2618 1467 2691 1533 δὲ
2718 1459 2905 1556 ,ἦσαν

709 1593 1020 1674 τέσσαρες
1075 1589 1385 1674 καθάπερ
1433 1573 1761 1674 πρότερον
1805 1588 1913 1654 καὶ
1960 1590 2424 1675 φυλοβασιλεῖς
2467 1594 2795 1672 τέσσαρες·
2832 1589 2905 1654 ἐκ

711 1711 782 1776 δὲ
825 1715 940 1799 τῆς
984 1713 1198 1799 φυλῆς
1241 1712 1518 1798 ἑκάστης
1563 1702 1733 1798 ἦσαν
1776 1716 2207 1798 νενεμημέναι
2237 1712 2527 1797 τριττύες
2556 1711 2678 1792 μὲν
2708 1719 2901 1796 τρεῖς,

705 1837 1096 1919 ναυκραρίαι
1139 1834 1213 1899 δὲ
1254 1834 1506 1899 δώδεκα
1551 1831 2011 1921 καθ’ἑκάστην.
2101 1833 2269 1900 Nam
2312 1805 2625 1916 καθάπὲρ
2672 1835 2903 1916 πρότε·

710 1978 826 2042 ρον
894 1957 1015 2021 nisi
1071 1957 1150 2022 ad
1197 1955 1401 2040 φυλαὶ
1459 1958 1522 2022 et
1567 1957 2032 2041 φυλοβασιλεῖς
2076 1957 2291 2022 referri
2338 1975 2458 2022 non
2503 1957 2723 2039 potest.
2770 1956 2901 2038 Ap·-

708 2079 882 2160 paret
946 2078 1019 2142 ἐκ
1087 2077 1158 2142 δὲ
1221 2080 1336 2164 τῆς
1401 2079 1615 2164 φυλῆς
1668 2103 1727 2142 κ.
1772 2102 1827 2142 τ.
1872 2078 1927 2143 λ.
1989 2079 2067 2143 ad
2120 2097 2257 2144 eam
2314 2078 2403 2144 rei
2448 2077 2731 2161 publicae
2774 2078 2896 2142 im-

709 2201 1142 2284 mutationem,
1186 2219 1374 2282 quam
1403 2201 1601 2266 effecit
1626 2198 1831 2278 Solon,
1855 2199 2179 2282 pertinere.
2246 2197 2419 2277 Quod
2442 2201 2653 2264 autem
2678 2199 2899 2264 Schoe-

710 2340 978 2392 mannus
992 2323 1050 2406 3)
1107 2323 1294 2405 negat
1338 2341 1471 2386 eam
1521 2323 1898 2387 sententiam
1943 2321 2013 2386 in
2057 2321 2159 2386 his
2203 2321 2408 2387 verbis
2450 2321 2650 2386 inesse
2692 2322 2897 2403 atque,

711 2444 785 2505 ut
839 2461 906 2507 eo
964 2444 1236 2524 spectare
1279 2444 1546 2524 possent,
1590 2443 1934 2525 oportuisse
1977 2442 2285 2522 ἐνέμοντο
2330 2442 2426 2507 vel
2470 2439 2898 2526 ἐνεμήθησαν

705 2583 814 2646 pre
871 2551 1040 2650 ἦσαν
1097 2567 1530 2650 νενεμημέναι
1585 2563 1888 2647 scriptum
1942 2583 2087 2642 esse,
2134 2562 2757 2630 animadvertendum
2802 2565 2899 2628 est

704 2685 916 2750 Photii
963 2684 1064 2750 vel
1107 2685 1376 2750 auctoris
1417 2685 1546 2751 eius
1591 2684 1922 2749 consilium
1968 2684 2158 2750 fuisse
2203 2704 2324 2750 non
2369 2684 2443 2748 ut
2486 2683 2603 2749 illa
2634 2685 2745 2748 aut
2777 2683 2897 2749 illa

701 2807 1254 2872 instituentem
1309 2805 1607 2873 Solonem
1675 2807 2011 2883 induceret,
2077 2807 2178 2871 sed
2246 2807 2339 2870 ut.
2384 2826 2518 2871 rem
2580 2805 2893 2888 publicam

704 2927 1121 3010 adumbmret,
1167 2929 1372 3010 qualis
1415 2949 1522 3012 per
1565 2927 1849 2994 Solonem
1896 2929 2331 2993 constituta
2374 2927 2587 2992 esset.

873 3049 1062 3115 Recte
1115 3051 1314 3134 igitur
1372 3070 1470 3116 me
1525 3051 1769 3132 quidem
1830 3050 2030 3115 iudice
2083 3050 2402 3115 contendit
2446 3048 2769 3114 Gilbertus
2812 3050 2895 3117 ab

699 3172 1042 3238 Aristotele
1097 3173 1340 3238 fluxisse
1392 3174 1540 3240 haec
1591 3173 1806 3238 Photii
1826 3179 1831 3184 “
1851 3173 2056 3248 verba,
2104 3171 2327 3256 quibus
2372 3172 2550 3237 nobis
2592 3171 2885 3236 tradatur

876 3419 932 3478 Ἰ)
989 3417 1050 3470 L.
1089 3418 1122 3470 l.
1163 3435 1212 3486 p.
1251 3417 1333 3470 14.
1553 3413 1581 3445 ⁶

877 3525 933 3587 2)
969 3523 1156 3592 Itaque
1193 3539 1358 3592 neque
1397 3521 1579 3588 Lipsio
1617 3521 1896 3576 concedere
1934 3537 2141 3592 possum
2180 3521 2362 3576 Photii
2398 3521 2555 3576 verba
2582 3538 2681 3575 non
2707 3526 2887 3591 aperte

699 3611 753 3666 id
791 3611 962 3666 dicere
999 3610 1241 3665 Solonem
1280 3611 1438 3663 fuisse
1478 3627 1843 3663 naucrarorum
1880 3613 2142 3664 auctorem
2172 3639 2236 3652 —-
2262 3609 2414 3664 Burs,
2451 3609 2633 3666 Jahrb.
2660 3610 2793 3664 1881
2824 3641 2881 3649 -

701 3717 866 3770 neque
913 3697 1068 3752 credo
1104 3715 1134 3752 a
1171 3698 1527 3752 Schoemanno
1565 3715 1673 3752 rem
1708 3697 2010 3764 expeditam
2049 3715 2161 3752 esse
2198 3697 2507 3752 affirmando
2553 3715 2615 3750 ι).
2656 3736 2668 3751 .
2707 3696 2773 3751 da
2798 3697 2885 3751 So-

699 3788 812 3842 lons
869 3786 1260 3858 gesetzgebung
1303 3786 1644 3842 bekanntlich
1680 3785 1813 3840 auch
1851 3787 1935 3840 die
1972 3786 2470 3856 finanzverwaltung
2505 3787 2881 3856 nmgestaltete

697 3877 804 3930 und
840 3876 1040 3930 hierbei
1079 3875 1163 3930 die
1201 3875 1402 3929 damals
1437 3874 1758 3930 bestehende
1794 3875 2130 3944 einrichtnng
2167 3875 2259 3930 der
2295 3875 2641 3930 steuerkreise
2666 3877 2883 3931 beriick-

696 3965 958 4034 sichtigen
1006 3967 1196 4031 muste‚
1246 3981 1303 4018 so
1340 3981 1446 4019 war
1481 3981 1537 4018 es
1573 3981 1706 4034 ganz
1744 3963 2023 4025 natiirlich,
2062 3981 2211 4018 wenn
2248 3964 2391 4018 diese
2426 3963 2627 4017 damals
2652 3959 2881 4018 ¹naukra·

694 4054 809 4106 rien
863 4051 970 4106 und
1015 4053 1130 4106 ihre
1170 4053 1440 4108 vorsteher
1475 4052 1765 4106 naukraren
1802 4052 2025 4115 hiessen,
2062 4051 2183 4106 dass
2220 4069 2276 4106 er
2312 4053 2388 4106 sie
2424 4053 2557 4106 auch
2597 4070 2654 4107 so
2691 4051 2880 4109 benen-

696 4158 794 4195 nen
834 4145 1056 4196 musteo.

856 4249 934 4314 ,3)
991 4245 1051 4302 L.
1088 4248 1125 4302 l.
1164 4267 1210 4318 p.
1254 4249 1377 4304 453.
