3242 5042
782 465 861 523 54

861 614 939 677 Et
989 614 1356 679 Plutarchus
1389 651 1472 662 -
1503 613 1628 678 Sol.
1674 633 1805 697 cap.
1860 616 1937 678 19
1982 651 2061 662 -
2102 615 2297 678 tradit
2341 634 2450 679 sua
2496 619 2696 678 aetate
2744 615 2881 698 plu·

689 737 880 800 rimos
926 738 1231 801 censuisse
1280 736 1568 802 Solonem
1622 738 1737 823 τῆς
1780 735 1851 798 ἐν
1894 731 2124 821 Ἀρείῳ
2173 737 2363 820 πάγῳ
2410 736 2649 822 βουλῆς
2693 737 2884 801 fuisse

692 861 1024 922 auctorem.
1115 859 1326 942 Neque
1385 861 1588 922 tamen
1651 858 1713 922 id
1763 859 2011 942 quidem
2060 858 2412 922 dissimulat
2458 859 2881 942 quaestionem

683 979 808 1044 iam
854 983 987 1045 tum
1033 981 1192 1064 apud
1239 981 1506 1044 iudicem
1562 979 1769 1044 fuisse.
1878 981 2199 1045 Plutarchi
2257 981 2440 1045 verba
2495 981 2647 1046 haee
2700 983 2880 1067 sunt:

697 1101 788 1164 Οἱ
824 1100 945 1181 μὲν
991 1090 1109 1166 οὖν
1154 1101 1456 1165 πλεῖστοι
1499 1099 1620 1186 τὴν
1666 1101 1735 1177 ἐξ
1778 1097 2040 1186 Ἀρείου
2085 1101 2305 1180 πάγου
2348 1099 2619 1187 βουλὴν,
2662 1093 2888 1184 ὥσπερ

692 1221 968 1310 εἴρηται,
1025 1223 1300 1288 Σόλωνα
1345 1223 1818 1311 συστήσασθαί
1868 1241 2060 1306 φασι·
2109 1225 2222 1288 καί
2260 1230 2615 1307 μαρτυρεῖν
2666 1217 2890 1295 αὐτοῖς

691 1347 876 1410 δοκεῖ
937 1345 1222 1426 μάλιστα
1289 1344 1365 1410 τὸ
1426 1347 1736 1432 μηδαμοῦ
1786 1345 1903 1410 τὸν
1958 1345 2293 1430 Δράκοντα
2337 1346 2547 1425 λέγειν
2590 1340 2893 1430 μηδ’όνο-
2947 1352 2951 1356 ’

690 1467 917 1548 μάζειν
980 1463 1470 1552 Ἀρεοπαγίτας,
1539 1463 1703 1531 άλλά
1770 1474 1909 1540 τοῖς
1974 1466 2241 1550 ἐφέταις
2296 1463 2401 1532 αἐὶ
2466 1465 2894 1547 διαλέγεσθαι

695 1587 854 1672 περὶ
896 1591 1024 1652 τῶν
1070 1590 1378 1672 φονικῶν.
1461 1587 1550 1653 ‘0
1596 1589 1668 1653 δὲ
1710 1589 2236 1672 τρισκαιδέκατος
2289 1587 2460 1664 ἄξων
2504 1591 2622 1653 τοῦ
2668 1587 2892 1652 Σόλω-

693 1733 803 1783 νος
865 1710 981 1774 τὸν
1027 1709 1261 1790 ὄγδοον
1314 1711 1454 1791 ἔχει
1509 1713 1637 1774 τῶν
1680 1711 1904 1791 νόμων
1949 1704 2155 1794 οὕτως
2198 1707 2421 1782 αὐτοῖς
2466 1707 2747 1792 ὀνόμασι
2793 1732 2894 1790 γε-

695 1837 1094 1918 γραμμένον·
1186 1829 1511 1915 ,,Ἀτίμων
1581 1827 1731 1898 ὅσοι
1796 1832 2020 1914 ἄτιμοι
2076 1823 2264 1920 ἦσαν,
2323 1831 2484 1915 πρὶν
2528 1828 2575 1919 ἢ
2618 1831 2894 1897 Σόλωνα

697 1954 911 2040 ἄρξαι,
957 1955 1304 2036 ἐπιτίμους
1347 1949 1516 2020 εἷναι
1563 1955 1739 2042 πλὴν
1786 1951 1935 2020 ὅσοι
1978 1955 2049 2032 ἐξ
2084 1953 2351 2038 Ἀρείου
2397 1953 2613 2034 πάγου
2657 1949 2703 2041 ἤ
2746 1948 2897 2018 ὅσοι

693 2076 766 2140 ἐκ
809 2079 938 2140 τῶν
983 2076 1234 2160 ἐφετῶν
1280 2071 1324 2165 ἢ
1368 2077 1441 2141 ἐκ
1487 2079 1887 2161 πρυτανείου
1932 2079 2524 2148 καταδικασθέντες
2576 2074 2712 2140 ὑπὸ
2769 2077 2896 2138 τῶν

697 2198 1020 2282 βασιλέων
1075 2198 1192 2262 ἐπὶ
1247 2200 1436 2283 φόνῳ
1491 2192 1536 2285 ἢ
1582 2207 1943 2282 σφαγαῖσιν
1989 2191 2034 2284 ἢ
2078 2195 2193 2261 ἐπὶ
2237 2199 2568 2279 τυραννίδι
2610 2180 2899 2280 ἔφευγον

697 2314 809 2384 ὅτε
875 2294 942 2383 ‹5'
977 2321 1233 2403 θεσμὸς
1299 2321 1514 2407 ἐφάνη
1570 2314 1741 2386 ὅδε.”
1836 2322 2055 2384 Ταῦτα
2100 2319 2181 2405 δὴ
2228 2319 2431 2384 πάλιν
2478 2317 2559 2391 ὥς
2604 2319 2737 2403 πρὸ
2782 2321 2901 2405 τῆς

697 2445 1002 2518 Σόλωνος
1046 2440 1251 2530 ἀρχῆς
1296 2442 1406 2507 καὶ
1449 2445 1854 2525 νομοθεσίας
1896 2443 2017 2528 τὴν
2067 2442 2136 2518 ἐξ
2178 2439 2439 2525 Ἀρείου
2484 2440 2702 2521 πάγου
2746 2445 2898 2525 βου-

697 2565 820 2652 λὴν
889 2555 1094 2630 οὖσαν
1156 2565 1576 2630 ἐνδείκνυται.
1683 2567 1869 2638 Τίνες
1922 2563 2041 2646 γὰρ
2088 2553 2256 2650 ἦσαν
2302 2564 2373 2627 οἱ
2412 2560 2546 2647 πρὸ
2594 2562 2901 2634 Σόλωνος

697 2689 767 2752 ἐν
811 2685 1043 2772 Ἀρείῳ
1093 2687 1279 2771 πάγῳ
1327 2687 1931 2762 καταδικασθέντες,
1986 2684 2049 2750 εἰ
2108 2687 2364 2769 πρῶτος
2416 2684 2647 2749 Σόλων
2692 2684 2897 2748 ἔδωκε

697 2813 779 2897 τῇ
833 2809 904 2886 ἐξ
957 2806 1214 2894 Ἀρείου
1271 2808 1490 2889 πάγου
1546 2807 1753 2895 βουλῇ
1795 2806 1871 2870 τὸ
1919 2809 2195 2891 κρίνειν,·
2254 2804 2317 2870 εἰ
2358 2807 2449 2894 μὴ
2496 2805 2575 2893 νὴ
2626 2807 2749 2869 Δία
2795 2809 2895 2885 γέ-

699 2921 878 3012 γονέ
911 2955 1010 3004 τις
1072 2927 1364 3016 ἀσάφεια
1430 2933 1548 2995 τοῦ
1609 2930 1982 3014 γράμματος
2047 2924 2091 3017 ἢ
2146 2930 2465 3016 ἔκλειψις,
2524 2923 2689 2992 ὥστε
2740 2926 2895 3000 τοῦς

697 3054 1034 3142 ἡλωκότας
1099 3050 1209 3118 ἐπ’
1273 3053 1542 3131 αἰτίαις,
1586 3041 1723 3125 ἀἷς
1789 3054 2086 3136 κρίνουσι
2144 3053 2261 3116 νῦν
2314 3051 2386 3115 οἱ
2432 3048 2898 3135 Ἀρεοπαγῖται

699 3175 808 3240 καὶ
854 3175 1086 3259 ἐφέται
1130 3174 1239 3240 καὶ
1285 3175 1653 3260 πρυτάνεις,
1708 3167 1817 3238 ὅτε
1861 3171 1898 3237 ὁ
1942 3171 2199 3252 θεσμὸς
2242 3171 2457 3258 ἐφάνη
2506 3165 2635 3249 ὅδε,
2675 3175 2899 3252 μένειν

699 3295 970 3380 α’τίμους
1034 3299 1162 3361 τῶν
1227 3294 1440 3361 ἄλλων
1495 3295 1819 3376 ἐπιτίμων
1878 3289 2259 3375 γενομένων.
2356 3295 2573 3357 Ταῦτα
2616 3291 2737 3371 μὲν
2781 3281 2901 3356 οὖν

702 3419 812 3485 καὶ
855 3417 1053 3492 αὐτὸς
1096 3418 1476 3484 ἐπισκόπει.

701 3617 994 3682 emendare,
1063 3621 1122 3670 ut
1174 3616 1444 3670 Pollucem
1501 3615 1600 3668 hoc
1655 3614 1762 3667 fere
1819 3613 1971 3666 modo
2028 3612 2297 3681 scripsisse
2352 3612 2645 3664 coniceret:
2709 3608 2905 3662 Σόλων

703 3701 750 3756 δ’
757 3701 944 3758 αὐτοῖς
996 3703 1340 3774 προσ[έθηκε
1394 3706 1522 3757 τοὺς
1579 3701 1733 3754 ἐννέα
1780 3697 2049 3770 ἄρχοντας
2092 3701 2220 3753 τοὺς
2262 3695 2387 3751 καθ
2393 3696 2622 3750 ἕκαστον
2659 3696 2907 3750 ἐνιαυτὸν

699 3795 842 3859 μετὰ
897 3795 962 3844 τὸ
1021 3788 1214 3844 δοῦναι
1265 3793 1365 3845 τὰς
1421 3788 1652 3844 εὗθὺνας
1705 3793 1797 3840 καὶ
1846 3785 2041 3856 οὕτως]
2089 3789 2387 3852 κατέστησε
2434 3787 2535 3852 τὴν
2571 3783 2631 3848 ἐξ
2664 3783 2900 3854 Ἀρείου

701 3878 879 3951 πάγου
917 3878 1136 3949 βουλήν.
1203 3909 1259 3918 -
1315 3878 1502 3932 Pollux
1551 3879 1600 3940 8,
1649 3877 1749 3930 117
1797 3877 1926 3929 haec
1960 3874 2145 3928 habet:
2204 3867 2264 3925 οἱ
2296 3869 2504 3925 δ’ἐννέα
2543 3869 2802 3943 ἄρχοντες
2842 3864 2905 3923 οἱ

701 3967 1061 4022 καθ’ἕκαστοι·
1116 3967 1362 4020 ἐνιαυτὸν
1408 3969 1548 4034 μετὰ
1592 3967 1658 4018 τὸ
1706 3961 1900 4017 δοῦναι
1933 3966 2033 4017 τὰς
2071 3958 2299 4016 εὐθύνας
2337 3959 2424 4014 ἀεὶ
2460 3962 2582 4014 τοῖς
2612 3959 2903 4030 ’·Αρεοπα-

703 4058 881 4128 γίταις
931 4057 1357 4127 προσετίθεντο.
1417 4083 1480 4096 ·-
1535 4053 1717 4114 Recte,
1764 4051 1934 4117 cred0‚
1981 4050 2217 4120 Philippi
2263 4047 2641 4102 animadvertit
2694 4062 2904 4100 causam

705 4164 806 4202 non
853 4163 983 4207 esse,
1033 4161 1123 4198 our
1160 4148 1253 4197 aut
1289 4143 1427 4196 hunc-
1464 4142 1636 4196 looum
1673 4145 1767 4194 aut
1802 4139 1935 4193 alios
1972 4139 2171 4192 similes
2209 4140 2481 4206 corruptos
2518 4137 2815 4190 existimem
2829 4150 2907 4196 σε,

707 4253 823 4291 cum
873 4233 1141 4303 potuerint
1186 4248 1215 4284 e
1262 4231 1516 4300 scriptore
1553 4228 1785 4298 excerpti
1822 4243 1954 4296 esse,
1990 4228 2079 4296 qui
2118 4229 2330 4296 putaret
2366 4224 2696 4294 Areopagum
2748 4240 2780 4277 a
2818 4221 2919 4300 So-⁴

702 4326 820 4380 lone
857 4321 1126 4377 conditum
1163 4335 1290 4374 esse.
1364 4318 1503 4371 Phil.
1541 4317 1695 4380 1874,
1734 4333 1784 4386 p.
1824 4315 1943 4368 244.
