3242 5042
2402 420 2478 476 71

379 573 550 654 regio
596 573 858 656 imperio
905 571 1170 648 sublato,
1217 570 1538 634 archontes
1585 571 1845 636 fortasse
1878 570 2151 635 delectos
2181 534 2335 647 esse,
2378 571 2565 653 ephe-

379 697 476 759 tas
521 696 684 772 illos,
731 695 829 760 vel
877 696 1208 768 senatoreS,
1256 693 1330 756 de
1375 693 1663 758 caedibus
1710 713 1949 777 quoque
1985 701 2049 757 et
2078 694 2153 758 de
2186 694 2571 776 gravissimis

289 831 294 836 ·
388 817 588 880 causis
652 816 744 882 rei
810 815 1091 899 publicae
1135 815 1519 890 iudicavisse,
1567 816 1671 881 sed
1719 816 2041 880 archontes
2095 817 2319 881 iudicio
2373 817 2573 900 primo

377 939 803 1004 tantummodo
849 939 1010 1003 inter
1057 939 1279 1013 omnia,
1325 938 1670 1020 Areopago,
1718 937 2090 1020 interfuisse,
2146 938 2274 1002 sive
2327 941 2571 1022 tempus

380 1063 457 1125 iis
505 1063 714 1126 deerat
759 1063 889 1126 sive
935 1060 1057 1126 alia
1103 1061 1177 1125 de
1223 1080 1405 1125 causa
1454 1098 1534 1108 -
1579 1060 1933 1126 archontem
1982 1065 2209 1135 autem,
2257 1061 2355 1124 cui
2385 1063 2567 1143 βασι-

384 1183 534 1256 λεῦς
579 1204 795 1250 nomen
843 1186 995 1267 erat,
1043 1184 1324 1248 omnibus
1366 1185 1633 1267 quinque
1665 1183 1909 1248 iudiciis
1939 1183 2276 1266 praefuisse
2307 1187 2568 1248 constat.

559 1305 724 1383 Quae
797 1307 849 1370 si
915 1306 1002 1370 ita
1064 1309 1224 1380 sunt,
1274 1304 1516 1370 Solonis
1562 1305 1809 1387 ingenio
1857 1305 2264 1389 respondebat
2310 1307 2568 1371 mutatio

387 1428 496 1492 illa
541 1428 850 1511 Areopagi
895 1430 956 1491 et
1001 1427 1382 1510 ephetarum‚
1429 1426 1602 1492 cuius
1639 1429 1851 1492 auctor
1886 1434 2035 1490 erat.
2106 1423 2271 1504 Quae
2296 1428 2410 1491 etsi
2436 1447 2570 1510 per-

390 1569 610 1632 magna
657 1552 810 1625 erat,
857 1550 1057 1632 primo
1102 1550 1436 1632 perexigua
1480 1549 1806 1614 videbatur
1854 1568 2004 1613 esse.

561 1671 708 1735 Veri
767 1671 972 1734 simile
1031 1671 1191 1734 0111111
1237 1672 1332 1733 est
1376 1672 1516 1734 ante
1564 1669 1849 1734 Solonem
1900 1670 2151 1753 ephetas
2198 1690 2391 1754 paene
2438 1690 2569 1735 om-

395 1814 499 1858 nes
555 1794 882 1878 aliquando
939 1792 1263 1858 archontes
1308 1792 1516 1870 fuisse,
1563 1811 1745 1876 quam
1794 1793 1871 1856 ob
1924 1811 2051 1856 rem
2100 1793 2570 1876 haudquaquam

389 1915 609 1981 mirum
671 1915 866 1980 videri
911 1917 1117 1998 potest
1161 1934 1195 1978 a
1243 1914 1464 1978 Solone
1510 1915 1834 1978 archontes
1879 1914 1983 1998 qui
2031 1914 2272 1978 fuerant
2315 1915 2376 1978 in
2420 1915 2570 1979 Are-

391 2055 654 2119 opagum
702 2035 1002 2100 admissos
1049 2054 1198 2100 esse.
1292 2035 1374 2099 Et
1416 2037 1486 2098 ut
1531 2037 1728 2110 antea,
1776 2036 1862 2099 ita
1908 2036 2105 2119 primo
2152 2036 2397 2119 quidem
2432 2041 2573 2118 post

389 2158 670 2222 Solonem
737 2161 1014 2240 tempore
1075 2175 1144 2220 ex
1203 2157 1541 2239 eupatridis
1585 2157 1889 2240 plurimos
1934 2159 2293 2223 archontum
2342 2159 2571 2222 electos

389 2299 521 2344 esse
580 2279 827 2344 credere
873 2280 1019 2342 licet
1065 2279 1462 2362 depositoque
1511 2279 1883 2360 magistratu
1926 2280 1988 2344 in
2036 2281 2425 2364 Areopagum
2474 2299 2570 2344 re-

390 2403 697 2485 cept0s¹);
745 2401 1042 2484 paulatim
1091 2405 1296 2465 autem
1344 2401 1532 2466 etiam
1580 2419 1704 2477 003,
1751 2401 1857 2485 (1111
1902 2406 2241 2466 ceterorum
2290 2401 2570 2466 ordinum

392 2524 581 2597 erant,
627 2541 698 2588 eo
744 2524 896 2598 iure,
928 2542 1062 2607 ·quo
1109 2542 1141 2586 0
1186 2523 1428 2606 legibus
1474 2523 1721 2598 licebat,
1770 2523 1888 2588 frui
1937 2524 2227 2607 coe-pisse.

557 2644 829 2728 Ephetae
885 2648 1112 2730 autem,
1159 2665 1231 2709 ex
1276 2645 1612 2728 cupatridis
1660 2645 1861 2724 electi,
1916 2645 2105 2710 etiam
2153 2646 2211 2708 in
2258 2649 2569 2729 posterum

393 2765 721 2832 dicasteria
777 2768 1067 2851 quattuor
1113 2767 1223 2831 illa
1265 2765 1574 2832 tenebant.
1666 2767 1737 2832 In
1784 2767 1861 2832 iis
1907 2768 2067 2831 enim
2116 2768 2190 2831 ad
2237 2767 2466 2831 iudicia
2512 2770 2575 2831 et

392 2887 665 2953 facinora
710 2889 826 2952 rite
873 2889 1204 2953 exercenda
1251 2890 1436 2972 atque
1482 2889 1782 2973 expianda
1812 2891 2103 2954 interiore
2135 2889 2395 2972 quadarn
2424 2909 2575 2971 opus

393 3011 525 3072 erat
569 3008 932 3102 religionum
981 3009 1349 3092 cognitione.

391 3237 560 3290 vium
595 3231 1084 3303 cupatridarum
1124 3233 1528 3304 praefectos,
1583 3233 1665 3289 De
1692 3234 1865 3290 verbis
1885 3233 2215 3307 ἐπάρουρος,
2240 3234 2573 3308 ἐπήρετμος,

391 3319 632 3394 ἐφύὸωρ,
669 3319 959 3392 πρόξενος,
996 3321 1117 3375 aliis
1153 3322 1417 3376 admonet.

565 3412 786 3465 Praeter
838 3409 1028 3480 Langii
1081 3410 1570 3480 interpretationem
1626 3409 1898 3466 duodecim
1953 3410 2085 3464 alias
2130 3409 2398 3473 habemus„
2445 3427 2575 3480 quas

393 3498 621 3569 Langius
659 3499 694 3552 l.
733 3499 770 3552 l.
808 3500 1044 3553 recenset
1081 3502 1319 3568 (excepta
1355 3515 1473 3561 una,
1510 3513 1669 3568 quam
1704 3497 2113 3552 Forchhammer
2150 3514 2284 3552 anno
2317 3499 2457 3551 1876
2482 3499 2573 3553 de-

393 3603 533 3657 11111111
588 3587 900 3657 proposuit).
972 3586 1118 3641 Inter
1172 3603 1262 3640 eas
1315 3585 1660 3640 Schoemanni
1714 3586 1953 3640 omnibus
2009 3589 2259 3656 praestat,
2318 3587 2410 3655 qui
2462 3603 2573 3640 voc.

394 3671 593 3743 ἕφέτης
628 3693 690 3729 ex
729 3673 964 3743 ἐφιέναι,
1015 3672 1295 3743 ἐφίεσθαι,
1336 3675 1665 3745 praecipere„
1688 3675 1961 3744 imperare,
2000 3674 2213 3728 ductum
2252 3691 2364 3728 esse
2400 3674 2575 3730 existi-

392 3763 571 3816 mabat
619 3764 789 3833 »quod
838 3764 1050 3833 cognita
1096 3779 1250 3817 causa
1286 3762 1663 3832 praeciperent,
1700 3762 1826 3831 quid
1863 3763 1926 3817 de
1964 3779 2051 3818 reo
2086 3762 2381 3818 faciendum
2418 3770 2574 3827 esset,

392 3854 570 3905 utrum
606 3851 860 3921 supplicio
896 3851 1050 3905 adfici
1089 3868 1154 3904 an
1192 3850 1424 3905 exsulare
1462 3867 1528 3904 311
1565 3850 1763 3920 expiari
1800 3849 2064 3904 deberet».

570 3961 627 4027 1)
681 3956 830 4012 Sicut
873 3957 1070 4012 Romae
1119 3973 1324 4028 quoque
1369 3957 1552 4012 multis
1588 3960 1710 4027 post
1745 3956 1913 4020 3111113,
1950 3973 2108 4025 quam
2145 3973 2173 4011 e
2210 3957 2327 4026 lege
2362 3955 2571 4022 licebat,

395 4047 588 4116 plebeii
626 4045 864 4099 homines
900 4046 1096 4099 tribuni
1137 4045 1366 4100 militum
1405 4061 1542 4099 00113.
1580 4048 1688 4114 pot.
1727 4045 1856 4127 facti
1891 4048 2028 4098 sunt.
