3242 5042
1753 1240 1839 1304 ΙΙ.

829 1427 1299 1510 Schoemanni
1356 1430 1429 1508 et
1483 1427 1797 1509 Muelleri
1850 1429 2251 1510 sententiae
2307 1433 2771 1530 exponuntur.

877 1653 978 1719 Ad
1042 1674 1179 1721 eam
1232 1657 1472 1738 partem
1528 1655 1969 1739 disputationis
2036 1656 2282 1720 nostrae
2352 1654 2537 1720 nunc'
2588 1657 2895 1732 venimus,

704 1792 860 1856 quae
924 1774 992 1839 in
1059 1775 1386 1840 sententiis
1451 1794 1662 1840 eorum
1730 1775 2109 1858 explicandis
2162 1780 2465 1854 versatur,
2520 1777 2629 1859 qui
2683 1780 2893 1842 nostra

663 1872 666 1875 ’
705 1896 908 1960 aetate
951 1895 1190 1978 aliquid
1236 1895 1311 1960 de
1353 1894 1590 1976 ephetis
1636 1895 2045 1977 protulerunt.
2137 1894 2280 1959 Non
2324 1895 2600 1962 alienum
2646 1898 2897 1963 videtur

708 2051 788 2062 -
835 2015 908 2078 ut
952 2015 1079 2080 iam
1123 2016 1305 2079 antea
1347 2015 1967 2080 commemoravimus
2024 2053 2073 2061 -—
2112 2015 2192 2080 ab
2235 2014 2349 2080 illo
2392 2016 2529 2082 viro
2572 2017 2893 2100 proficisci,

706 2133 814 2216 qui
871 2134 1094 2198 merito
1149 2137 1486 2200 maximam
1539 2137 1819 2201 omnium
1863 2135 2301 2200 auctoritatem
2348 2135 2570 2201 habuit
2613 2135 2682 2200 in
2726 2138 2895 2202 vete-

707 2254 880 2318 ribus
924 2252 1296 2320 Graecorum
1341 2255 1655 2321 institutis
1700 2255 2113 2321 illustrandis,

883 2372 1440 2440 Schoemannus
1484 2376 1801 2459 imprimis
1842 2376 2285 2442 commentario
2328 2377 2460 2450 illo,
2506 2395 2688 2458 quem
2734 2397 2897 2443 anno

714 2495 877 2560 1833
925 2495 1050 2559 ”De
1092 2495 1409 2579 Areopago
1453 2497 1516 2560 et
1561 2494 1925 2578 Ephetis”¹)
1969 2497 2355 2580 conscripsit,
2400 2497 2463 2562 et
2506 2496 2573 2560 in
2609 2515 2677 2561 eo
2711 2497 2894 2575 libre,

709 2615 816 2695 qui
880 2613 1346 2696 ”Antiquitates
1411 2615 1568 2680 iuris
1631 2616 1864 2698 publici
1930 2615 2339 2681 Graecorum”
2403 2617 2743 2700 inscriptus
2802 2619 2899 2683 est

707 2732 1090 2818 (Gryphist.
1165 2736 1391 2819 1838),
1459 2736 1607 2818 quid
1672 2736 1745 2802 de
1811 2736 2050 2819 ephetis
2114 2736 2402 2819 sentiret,
2470 2736 2764 2818 exposuit.
2813 2774 2898 2784 —

710 2853 819 2931 Ea,
887 2873 1042 2936 quae
1093 2856 1304 2937 postea
1359 2857 1844 2944 commentariis·
1876 2856 2145 2921 aliorum
2190 2857 2560 2940 scriptorum
2606 2856 2899 2920 inductus

709 2975 788 3038 ad
833 2976 980 3040 haec
1023 2976 1268 3055 adiecit,
1313 2996 1421 3042 suo
1465 2978 1732 3060 quidque
1774 2978 1907 3042 loco
1949 2977 2377 3041 tractabimus.

882 3095 1170 3161 Primum
1235 3101 1295 3160 ot
1344 3099 1739 3181 praecipuum
1800 3097 2035 3162 fontem
2091 3098 2336 3164 nostrae
2378 3100 2455 3163 do
2496 3098 2735 3182 ephetis
2779 3099 2897 3162 sci-

711 3216 916 3280 entiae
957 3237 994 3280 a
1039 3216 1291 3282 Polluce
1333 3218 1549 3301 (VIII,
1606 3221 1755 3302 125)
1800 3218 2195 3301 repetendum
2243 3237 2371 3283 esse
2413 3220 2652 3285 monet:

883 3333 1157 3420 Ἐφέται
1202 3335 1316 3400 τὸν
1357 3335 1480 3418 μὲν
1523 3332 1818 3420 ἀριθμὸν
1863 3327 1956 3412 εἷς
1999 3337 2109 3404 καὶ
2155 3337 2581 3424 πεντήκοντα,
2626 3331 2901 3426 Δράκων

711 3453 1008 3530 δἀὕτούς
1051 3447 1467 3544 ’κατέστησεν
1530 3459 1913 3546 ἀριστίνδην
1977 3460 2388 3545 αἱρεθέντας·
2469 3459 2761 3536 ἐδίκαζον
2827 3459 2899 3524 δὲ

712 3587 848 3652 τοῖς
912 3575 1024 3664 ἐφ’
1089 3583 1315 3660 αἵματι
1380 3580 1805 3658 διωκομένοις
1872 3578 1939 3642 ἐν
1995 3585 2131 3651 τοῖς
2186 3583 2382 3643 πέντε
2432 3579 2896 3666 δικαστηρίοις.

711 3700 943 3764 Σόλων
987 3695 1268 3773 δἀὕτοῐς
1313 3702 1850 3786 προσκατέστησε
1903 3699 2025 3786 τὴν
2070 3700 2139 3774 ἐξ
2184 3695 2441 3785 Ἀρείου
2488 3700 2705 3780 πάγου
2749 3703 2899 3782 βου-

713 3820 852 3907 λήν.
900 3819 1061 3884 κατὰ
1105 3819 1341 3906 μικρὸν
1385 3819 1457 3885 δὲ
1501 3819 1954 3907 κατεγελάσθη
2012 3819 2083 3884 τὸ
2129 3822 2257 3885 τῶν
2301 3821 2555 3904 ἐφετῶν
2596 3819 2901 3906 δικαστή-

715 3964 877 4026 ριον.
944 3943 1215 4006 δοκοῦσι
1280 3937 1757 4021 δ’ὥνομοῑσθαι,
1826 3935 1929 4006 ὅτι
1995 3940 2321 4027 πρότερον
2394 3941 2513 4004 τοῦ
2585 3939 2903 4024 βασιλέως

712 4058 864 4133 τούς
906 4056 1016 4124 ἐπ’
1059 4059 1348 4146 α’κουσίῳ
1396 4061 1584 4146 φόνῳ
1633 4065 2052 4146 κρινομένους
2095 4060 2501 4138 ἐξετάζοντος
2546 4058 2582 4125 ὁ
2630 4060 2903 4144 Δράκων

893 4271 948 4336 1)
985 4267 1251 4339 opuscula
1287 4267 1617 4332 Academica,
1657 4265 1771 4322 Vol.
1808 4267 1851 4328 1,
1888 4265 2064 4322 Berol.
2109 4267 2261 4330 1856,
2299 4281 2417 4336 pag.
2457 4263 2751 4357 199-199.
