3242 5042
757 421 838 478 68

677 569 798 633 alio
845 567 1176 632 dicasterio
1224 567 1470 632 iudiciis
1514 568 1865 632 interfuisse
1910 568 2029 632 nisi
2074 567 2235 650 apud
2278 569 2672 652 Prytaneum.
2748 567 2856 632 Ce-

671 694 891 762 terum,
961 689 1013 752 si
1071 689 1252 753 Solon
1325 687 1792 770 φυλοβασιλεῖς
1860 689 2245 771 respexisset,
2314 710 2469 773 quae
2515 694 2610 752 est
2654 707 2857 765 causa,

613 893 619 898 .
671 831 779 876 cur
823 809 1112 894 βασιλεῖς
1156 799 1424 874 scrib’ere
1473 810 1892 890 maluerit?¹).

840 931 1010 1010 Quod
1059 931 1284 994 archon
1331 929 1635 1012 βασιλεύς
1680 949 1871 994 unus
1916 935 2071 1009 erat,
2119 931 2232 996 hoc
2278 935 2481 998 autem
2529 932 2664 996 loco
2711 928 2847 994 ὑπὸ

671 1055 813 1117 τῶν
857 1050 1254 1136 βασιλέων
1303 1052 1600 1134 scriptum
1648 1053 1945 1125 videmus,
1982 1051 2179 1116 multa
2212 1053 2525 1136 disputata
2550 1055 2707 1118 sunt.
2775 1053 2857 1118 Et

673 1175 1011 1258 Philippi²)
1059 1175 1121 1236 et
1166 1171 1436 1254 Langius
1455 1175 1506 1253 3)
1555 1173 1628 1236 de
1674 1173 1789 1238 hac
1835 1194 1897 1237 re
1944 1173 2247 1240 uberrime
2279 1155 2851 1257 scripserunt‚'qui-

672 1295 785 1360 bus
851 1293 1107 1378 plurimi
1174 1293 1418 1358 adsensi
1485 1295 1648 1358 sunt.
1740 1295 2021 1376 Longum
2082 1299 2177 1358 est
2234 1313 2445 1360 eorum
2492 1299 2868 1378 argumenta.

673 1417 876 1480 omnia
923 1433 1241 1498 exponere.
1336 1413 1500 1480 Satis
1556 1415 1677 1480 erit
1720 1433 2198 1508 commemorare
2248 1416 2411 1480 viros
2456 1417 2597 1482 illos
2644 1418 2855 1482 doctos

673 1537 1093 1620 compluribus
1161 1535 1458 1618 exemplis
1525 1536 2039 1600 demonstravisse
2108 1522 2241 1602 non
2294 1537 2568 1602 alienum
2634 1557 2765 1602 esse
2823 1559 2861 1602 a

677 1658 920 1771 Graeco
968 1676 1246 1721 sermone
1302 1657 1555 1720 verbum
1601 1657 1861 1739 pluralis
1908 1659 2146 1723 numeri
2194 1679 2295 1722 003
2342 1659 2710 1742 significare,
2756 1660 2860 1743 qui

673 1779 904 1861 singuli
951 1779 1234 1860 deinceps
1281 1777 1512 1860 aliquid
1559 1777 1834 1842 fecerint.

847 2073 1002 2151 Quid
1072 2077 1275 2138 autem
1331 2095 1362 2133 e
1419 2075 1630 2139 nostra
1676 2075 1750 2138 de
1798 2073 2037 2138 Solonis
2081 2074 2219 2157 lege
2267 2063 2680 2157 disputat-ione
2728 2077 2857 2140 erui

673 2199 879 2280 potest
945 2195 1020 2258 ad
1089 2196 1432 2259 universam
1501 2195 1674 2258 illam
1735 2197 1807 2258 de
1866 2195 2109 2279 ephetis
2164 2197 2584 2278 quaestionem
2629 2197 2855 2260 diiudi-

677 2318 979 2382 candam?
1021 2299 1024 2304 ¹

853 2439 1124 2520 Apparet
1187 2437 1307 2500 tria
1374 2437 1484 2502 illa
1551 2455 1779 2520 genera
1824 2435 2193 2500 iudiciorum
2241 2435 2399 2500 inter
2445 2455 2509 2500 se
2556 2436 2861 2500 disiuncta

683 2557 890 2621 fuisse.
2030 2527 2039 2536 ⁸

847 2677 1059 2741 Primo
1125 2676 1260 2741 loco
1329 2677 1519 2740 Areo
1535 2695 1777 2760 pagus
1834 2679 2367 2740 commemoratur.
2461 2673 2653 2758 Supra
2670 2678 2729 2750 ⁴)
2776 2676 2859 2739 vi-

677 2797 880 2861 dimus
947 2797 1200 2879 ephetas
1266 2799 1395 2861 sine
1457 2797 1642 2862 dubio
1703 2797 1946 2861 eosdem
1994 2797 2180 2861 fuisse
2227 2799 2409 2880 atque
2454 2797 2861 2880 areopagitas,

675 2919 996 3001 Areopago
1053 2920 1282 2993 autem,
1341 2921 1408 2982 ut
1464 2919 1569 3001 qui
1623 2919 1869 2982 senatus
1929 2937 2169 3001 quoque
2216 2920 2378 2982 esset
2424 2918 2512 2981 rei
2558 2917 2859 3001 publicae,

677 3038 862 3101 etiam
896 3039 1216 3103 archontes
1247 3060 1456 3104 omnes
1489 3041 1842 3105 interfuisse
1878 3041 2005 3103 veri
2032 3039 2417 3102 simillimum
2447 3040 2625 3112 est5).
2676 3037 2859 3102 Con-

680 3160 1228 3241 stabat‘ig-itur
1278 3181 1358 3225 ex
1403 3162 1712 3244 ephetis
1744 3146 1817 3225 et
1844 3159 2357 3225 archontibus
2388 3145 2873 3242 Areopagus?

852 3281 1200 3364 Sequuntur
1247 3284 1693 3365 ophetarum
1739 3283 1969 3348 iudicia
1998 3319 2082 3330 --
2114 3281 2187 3344 ἐκ
2230 3282 2356 3345 τῶν
2400 3280 2670 3364 ἐφετῶν,
2721 3301 2857 3344 nam

679 3403 740 3466 in
788 3402 1012 3466 ceteris
1070 3407 1358 3486 quattuor
1401 3405 1646 3469 iudiciis
1692 3404 2000 3480 (Palladio
2050 3407 2196 3483 cet.)
2244 3403 2499 3486 ephetae
2543 3402 2655 3495 soli
2707 3403 2861 3465 iudi—

681 3525 921 3588 cabant.

857 3729 913 3792 1)
968 3727 1059 3781 Cfr
1093 3728 1364 3797 Droysen.,
1405 3730 1559 3784 1873.
1601 3761 1656 3770 --
1701 3730 1843 3787 Phil.
1888 3731 2035 3794 1874,
2074 3748 2122 3800 p.
2165 3731 2245 3784 18.

856 3817 912 3884 2)
966 3815 1216 3885 Philippi,
1258 3817 1411 3882 1874,
1451 3835 1499 3887 p.
1539 3817 1839 3872 236-239.

857 3905 914 3970 3)
968 3903 1216 3973 LangiuS,
1260 3905 1412 3968 1874,
1453 3924 1501 3976 p.
1540 3906 1765 3959 41-44,

855 3992 915 4055 4)
971 3990 1099 4060 Pag.
1136 3992 1220 4044 61.

857 4081 914 4140 5)
967 4077 1042 4132 Ut
1093 4078 1481 4134 Lacedaemone
1527 4079 1630 4134 duo
1694 4097 1845 4150 reges
1897 4096 2166 4134 numerum
2205 4079 2595 4148 compleverunt
2632 4077 2855 4146 triginta

683 4170 993 4221 senatorum.
