3242 5042
2414 417 2495 474 23

383 569 610 632 bulum
675 569 926 650 superat
989 587 1074 628 το
1093 563 1324 637 ύτους
1379 583 1767 646 (formos).
1854 563 2023 644 Quod
2070 585 2179 648 pro
2221 567 2581 632 firmissimo

391 690 762 773 argumento
805 686 1094 750 habitum
1149 686 1244 749 est
1299 684 1478 748 illius
1519 685 1905 752 coniecturae
1948 686 2209 764 Reiskii,
2252 705 2395 752 cum
2440 685 2589 750 τού-

394 832 550 882 τους
591 809 858 872 scribere
900 807 1092 870 vellet·
1135 822 1244 888 pro
1287 803 1564 876 τούτοις.

569 930 737 996 Haec
779 931 844 992 et
887 927 1159 992 Kochler
1201 925 1394 1007 ips01)
1437 925 1889 990 animadvertit
1940 928 2005 990 et
2056 929 2197 1010 post
2240 946 2384 992 eum
2428 927 2587 992 Phi-

395 1051 578 1134 lippi,
621 1049 799 1132 quasi
831 1066 1014 1112 causa
1041 1044 1402 1128 diiudioeta,
1443 1047 1576 1110 sine
1615 1047 1750 1112 ulla
1777 1046 2169 1112 dubitatione
2206 1047 2588 1114 adfirmavit.

571 1169 737 1233 Mihi
779 1169 991 1232 autem
1035 1203 1117 1212 -
1161 1183 1536 1247 quamquam
1591 1167 2127 1248 persuasissimum
2182 1170 2278 1232 est
2322 1164 2593 1238 τούτους

401 1293 564 1354 recte
627 1291 692 1353 et
755 1287 918 1370 apud
973 1287 1151 1350 Dem.
1205 1285 1343 1350 adv,
1404 1285 1562 1350 Mac.
1608 1287 1673 1350 et
1716 1287 1783 1350 in
1832 1289 2035 1370 lapide
2078 1289 2207 1371 legi
2252 1325 2335 1332 —
2377 1287 2591 1350 tamen

403 1412 520 1475 hoc
581 1411 838 1474 verbum
901 1406 1172 1480 τούτους
1223 1409 1362 1488 post
1411 1406 1879 1489 inscriptionem
1934 1408 2307 1490 explicatam
2360 1406 2594 1472 certius

409 1549 532 1594 non
593 1529 842 1594 videtur
907 1548 1035 1594 esse
1099 1547 1286 1610 quam
1351 1527 1536 1590 antea
1601 1526 1744 1590 fnit.
1840 1526 2129 1593 Primum
2194 1529 2363 1593 enim
2422 1526 2595 1590 verbi

401 1636 592 1714 οὗτοι
641 1667 1004 1732 (Horren
1059 1647 1224 1711 idem
1283 1667 1576 1712 numerus
1628 1649 1723 1710 est
1784 1646 2144 1711 litterarum
2204 1649 2391 1729 atque
2448 1646 2595 1708 τού-

407 1793 560 1844 τους
603 1787 983 1850 (ΊῸῬΤΟΣ),
1043 1787 1230 1851 quam
1275 1769 1352 1832 ob
1396 1788 1550 1842 rem,
1603 1786 1979 1850 quamquam
2034 1769 2182 1832 haec
2224 1767 2595 1846 coniectura,

403 1892 482 1954 ut
527 1909 706 1972 supra
749 1889 1390 1965 commemoravimu3‚
1436 1881 1723 1970 perversa
1776 1887 2049 1961 videtur,
2094 1907 2201 1970 per
2254 1888 2416 1969 lapi
2431 1888 2591 1950 dem

413 2030 488 2074 ne
525 2010 644 2073 illa
687 2010 935 2091 quidem
979 2010 1235 2074 reicitur
1249 2011 1325 2092 ²).
1401 2008 1659 2084 Deinde,
1703 2026 1847 2071 cum
1890 2012 2025 2070 tam
2070 2008 2309 2072 multae
2346 2006 2599 2070 litterae

407 2131 798 2212 evanuerint,
863 2130 1122 2196 difficile
1179 2132 1274 2194 est
1329 2148 1438 2212 pro
1479 2135 1645 2193 certo
1688 2127 2038 2204 adfirmare,
2083 2146 2202 2209 quo
2246 2125 2425 2190 modo
2468 2125 2598 2188 sin-

405 2250 594 2332 gulos
637 2250 890 2315 lacunae
932 2251 1094 2314 locos
1135 2251 1375 2333 explere
1411 2248 1757 2312 debeamus.
1827 2247 2473 2311 Animadvertendum
2503 2246 2598 2307 est

413 2370 602 2433 verba
653 2369 954 2434 ἐσέσθων
1008 2369 1080 2434 δὲ
1132 2371 1202 2435 in
1247 2370 1454 2452 lapide
1497 2369 1745 2434 servata
1784 2385 1933 2448 esse,
1975 2385 2115 2431 cum
2164 2367 2233 2429 in
2280 2365 2418 2446 lege
2460 2382 2599 2428 ora-

407 2490 604 2554 tionis
671 2490 970 2554 ἐσὲσθων
1036 2491 1238 2554 solum
1294 2490 1598 2572 scriptum
1655 2489 1993 2553 habeamus
2040 2523 2119 2534 --
2164 2503 2281 2566 quo
2332 2483 2601 2547 efficitur

417 2629 540 2673 non
583 2629 618 2673 o
634 2611 892 2676 mnino
933 2613 1137 2695 legem
1178 2611 1479 2676 orationis
1521 2607 1915 2692 inscriptioni
1945 2606 2320 2689 respondere.
2390 2603 2604 2684 Neque

409 2749 735 2812 possumus
781 2750 1002 2813 negare
1045 2730 1116 2794 δὲ
1161 2732 1322 2796 illud
1369 2750 1492 2795 non
1538 2730 1704 2794 nihil
1746 2727 2067 2794 offendere.
2155 2726 2250 2792 Ob
2292 2745 2425 2790 eam
2470 2743 2601 2788 rem

418 2851 846 2916 Kirchhoffius
861 2855 920 2936 ³)
983 2853 1142 2918 hanc
1207 2852 1536 2918 lectionem
1601 2848 1934 2933 proposuit,
2002 2865 2125 2928 qua
2178 2846 2605 2911 coniunctione

411 2972 490 3036 δὲ
537 2973 974 3038 liberaremur:

592 3093 950 3177 ὲσὲσθ(ω)ν
1014 3095 1198 3176 δὲκ(α
1263 3093 1336 3155 οἱ
1389 3092 1716 3175 φράτορες
1756 3087 1871 3151 ἐὰν
1916 3087 2259 3152 ἐθέλωσιν.
2338 3086 2609 3157 τούτους

410 3213 520 3296 δ)ὲ
561 3215 690 3297 (ο)ἱ
728 3213 1244 3300 πεντήκο(ν)τ(α)
1287 3215 1405 3278 cet.

598 3335 700 3400 Ita
743 3339 954 3399 autem
997 3354 1288 3399 numerus
1331 3333 1689 3398 litterarum
1736 3331 1820 3394 30
1862 3325 2299 3392 tantummodo
2340 3325 2611 3390 efficitur

419 3458 626 3541 (inter
668 3458 781 3520 δέκ
805 3505 820 3518 .
847 3505 864 3518 .
909 3456 973 3518 et
1020 3505 1034 3516 .
1061 3454 1145 3537 ὲ),
1188 3456 1254 3518 et
1297 3455 1468 3518 locus
1509 3454 1648 3515 tum
1692 3450 1867 3515 adest
1911 3448 2097 3512 verbo
2138 3445 2413 3516 τούτοις.
2478 3441 2612 3522 Quo

411 3577 514 3654 fit,
580 3579 654 3640 ut
716 3596 788 3642 ex
850 3576 1254 3658 inscriptione
1317 3577 1556 3639 certum
1609 3570 2067 3638 adminiculum
2113 3569 2284 3634 verbi
2328 3563 2601 3636 τούτους

413 3699 621 3781 expeti
665 3698 915 3762 nullum
957 3697 1238 3780 possit⁴).

604 3909 660 3972 l)
697 3905 760 3958 1..
793 3905 830 3958 L
865 3921 987 3973 pag.
1023 3905 1108 3957 33.

603 3995 662 4060 2)
698 3993 834 4046 vide
867 4009 988 4062 pag.
1025 3993 1108 4044 20.

601 4084 662 4148 3)
697 4083 756 4137 C.
791 4083 833 4134 1.
867 4082 928 4134 A.
967 4097 1018 4133 n.
1053 4081 1143 4135 61.

601 4174 661 4237 4)
698 4169 1001 4230 Wecklein„
1037 4168 1072 4221 l.
1109 4169 1144 4221 l.
1181 4183 1301 4237 pag.
1337 4169 1398 4219 5:
1439 4205 1450 4214 .
1473 4206 1485 4214 .
1507 4203 1519 4214 .
1541 4203 1554 4214 .
1576 4163 1663 4214 ”es
1687 4161 1759 4214 ist
1777 4159 2064 4227 unrichtig,
2094 4173 2247 4210 wenn
2264 4153 2538 4222 Philippi.
2562 4193 2577 4203 .
2598 4189 2613 4202 .

420 4267 565 4329 sagt,
599 4259 722 4313 dass
757 4259 845 4312 die
881 4260 1201 4322 Acnderung
1236 4255 1402 4309 durch
1437 4252 1524 4306 die
1559 4247 1813 4304 Inschrift
1846 4247 2109 4314 bestatigt
2140 4242 2367 4298 ποι-ἅθ’.
