3242 5042
335 1815 456 1927 De
503 1852 742 1936 ephetis
783 1849 1270 1916 Atheniensibus
1315 1853 1462 1917 ante
1505 1853 1745 1937 aliquot
1789 1867 1983 1914 annos
2025 1865 2251 1932 magna
2280 1850 2525 1914 exstitit

329 1973 499 2038 inter
565 1961 730 2037 'viros
796 1971 1003 2036 doctos
1067 1972 1505 2052 controversia,
1564 1993 1738 2056 quae,
1793 1989 2169 2054 quamquam
2214 1969 2292 2034 ad
2336 1969 2523 2035 finem

230 2148 238 2156 ,
331 2094 628 2176 perducta
688 2092 961 2158 nondum
1019 2091 1365 2157 existimari
1424 2095 1648 2176 potest,
1692 2095 1904 2158 tamen
1951 2110 2071 2156 non
2119 2089 2280 2155 nihil
2326 2090 2525 2172 profe-

327 2197 484 2280 cisse
527 2213 776 2279 videtur
821 2213 897 2277 ad
949 2214 1222 2279 nostram
1269 2214 1344 2279 de
1383 2214 1463 2279 iis
1491 2213 1911 2300 cognitionem
1940 2211 2305 2298 augendam.
2372 2211 2523 2277 Pro-

331 2334 602 2417 positum
649 2333 807 2399 mihi
853 2334 998 2416 fuit,
1044 2335 1118 2398 ut
1161 2336 1551 2419 explicarem,
1595 2335 1746 2418 quid
1788 2334 1863 2400 de
1892 2332 2133 2417 origine
2162 2332 2524 2417 ophetarum

328 2455 634 2521 crederem
684 2455 1083 2520 statuendum
1129 2473 1277 2531 esse,
1322 2457 1594 2542 cognitis
1636 2459 1701 2522 et
1742 2455 2056 2539 perpensis
2099 2471 2253 2536 quae
2296 2453 2365 2518 in
2394 2471 2525 2518 cer-

331 2575 570 2640 tamine
613 2575 724 2640 illo
769 2575 846 2640 ad
891 2577 1004 2642 hoc
1052 2571 1296 2660 tempus
1341 2577 1413 2642 in
1458 2578 1658 2643 lucem
1708 2577 1953 2661 prolata
1995 2575 2218 2641 essent.

508 2695 604 2760 Ad
649 2696 810 2777 quod
855 2698 1238 2780 propositum
1267 2699 1485 2780 aptum
1515 2717 1646 2764 esse
1676 2697 1896 2782 putavi
1926 2695 2296 2761 summatim
2327 2695 2529 2760 attin-

334 2833 480 2899 gere
523 2817 715 2882 etiam
760 2835 912 2899 quae
957 2817 1124 2885 docti
1173 2818 1296 2885 viri
1342 2819 1762 2902 superioribus
1805 2817 2187 2902 temporibus
2228 2817 2304 2881 de
2346 2816 2529 2898 ephe·
2570 2829 2575 2835 ·

334 2938 544 3001 tarum
587 2939 828 3022 origine
871 2939 1282 3022 scripsissent,
1332 2940 1546 3007 electis
1590 2937 1905 3022 imprimis
1938 2935 2191 3022 Sigonio
2224 2936 2527 3002 Meursio-

327 3077 466 3141 que,
532 3062 603 3123 ut
671 3061 942 3140 primam
1009 3060 1358 3126 doctrinam
1414 3062 1827 3127 recentiorum
1881 3061 2253 3142 temporum,
2318 3058 2527 3141 qualis

328 3182 504 3257 esset,
529 3180 752 3245 inillis
775 3179 929 3244 viris
950 3181 1352 3259 ostenderem,
1377 3184 1442 3247 et
1465 3180 1905 3255 Schoemanno‚
1940 3199 2121 3262 quem
2147 3179 2225 3244 ad
2251 3185 2523 3244 nostram

329 3302 598 3366 aetatem
645 3301 772 3366 fere
817 3319 1025 3366 omnes
1071 3304 1306 3367 secutos
1349 3321 1476 3368 esse
1531 3303 1807 3368 viderem
1855 3338 1933 3348 —-
1981 3319 2359 3383 quamquam
2403 3319 2525 3364 non

329 3420 681 3499 defuerunt,
754 3422 860 3505 qui
927 3423 1088 3488 hanc
1145 3442 1368 3489 novam
1424 3423 1817 3508 sententiam,
1874 3441 2062 3505 quam
2107 3421 2527 3503 disputatione

329 3560 468 3607 mea
511 3542 924 3623 explicaturus
968 3563 1130 3627 sum,
1175 3545 1323 3610 ante
1370 3545 1604 3609 multos
1638 3563 1831 3610 annos
1855 3543 2030 3608 velut
2052 3543 2261 3608 animo
2293 3543 2524 3625 praeci-

328 3662 564 3745 perent.
635 3660 799 3740 Quae
824 3684 1048 3751 magno
1073 3666 1240 3730 inter
1263 3664 1407 3730 illos
1430 3665 1596 3730 viros
1619 3664 1919 3748 temporis
1940 3664 2140 3746 spatio
2170 3663 2527 3728 intermisso

330 3783 405 3848 de
459 3783 572 3848 hac
627 3802 693 3848 re
737 3786 967 3867 scripta
1021 3789 1187 3864 sunt,
1246 3806 1364 3852 non
1433 3786 1641 3852 visum
1708 3787 1801 3851 est
1868 3784 2248 3868 singillatim
2304 3783 2525 3848 descri-

332 3905 494 3978 bere,
547 3922 712 3979 cum,
757 3924 912 3987 quae
954 3907 1346 3973 efficerentur
1390 3926 1461 3972 ex
1503 3907 1604 3984 iis,
1650 3927 1721 3972 ea
1764 3905 2173 3971 Schoemanni
2218 3904 2529 3970 sententia

325 4025 839 4108 comprehendere
885 4027 1220 4093 videretur.
1312 4068 1316 4072 -
2419 4034 2423 4038 ’

497 4143 697 4223 Quam
765 4149 843 4212 ob
909 4167 1040 4213 rem
1107 4149 1631 4214 commentarium
1690 4168 1895 4213 meum
1950 4148 2043 4214 ita
2088 4148 2380 4230 disposui,
2433 4148 2527 4230 ut,

327 4265 598 4332 breviter
651 4269 813 4350 quod
869 4268 1160 4353 Sigonius
1215 4272 1278 4334 et
1323 4269 1634 4334 Meursius
1680 4268 1985 4354 sentirent
2028 4269 2508 4334 commemorato

2514 4367 2532 4397 ν

2368 4411 2383 4456 l
