3242 5042
1415 98 1431 115 0

1169 114 1434 163 OOOOOOO

744 589 1147 656 Schoemanni
1216 591 1586 655 sententiam
1648 608 2000 672 exponerem
2050 591 2113 653 et
2166 589 2403 668 deinde,
2448 609 2590 655 cum
2636 591 2951 657 recentio·-

740 731 879 775 rum
925 710 1265 775 sententias
1309 711 1680 793 scriptorum
1727 728 2165 792 percenserem‚
2212 711 2362 792 quid
2411 711 2569 776 mihi
2614 691 2937 777 videretur

741 832 816 897 de
859 831 958 897 his
1001 833 1180 897 rebus
1225 831 1623 896 statuendum
1669 850 1797 922 esse
1842 831 2351 896 demonstrarem·

917 952 1172 1018 Necesse
1227 953 1437 1017 autem
1483 954 1618 1017 erat
1661 952 1853 1017 etiam
1901 951 1975 1015 de
2020 950 2338 1035 Areopago
2384 954 2447 1016 et
2491 952 2565 1016 de
2616 951 2955 1016 naucraris

743 1071 1243 1139 Atheniensium
1273 1073 1574 1155 quaedam
1629 1073 1967 1154 disputare,
2039 1072 2093 1137 si
2148 1071 2396 1154 quidem
2442 1073 2589 1138 haec
2630 1072 2950 1137 instituta.

741 1214 885 1260 cum
943 1194 1183 1277 ephetis
1238 1195 1337 1259 vel
1383 1213 1448 1257 re
1492 1213 1637 1258 vera
1680 1195 2073 1259 cohaererent
2116 1193 2218 1258 vel
2262 1193 2486 1258 multis
2530 1193 2955 1276 scriptoribus.

741 1317 1060 1382 cohaerere
1103 1315 1477 1380 viderentur.

915 1435 1136 1520 Capita
1180 1437 1380 1532 igitur
1426 1435 1857 1501 commentarii
1904 1435 2026 1500 mei
2070 1436 2217 1500 haec
2262 1439 2437 1500 sunt:

1036 1558 1088 1622 Ι.
1181 1556 1422 1640 Sigonii
1465 1558 1527 1621 et
1572 1556 1833 1621 Meursii
1876 1556 2218 1621 sententiae
2261 1559 2664 1638 exponuntur.

1001 1679 1088 1743 II.
1179 1676 1585 1744 Schoemanni
1630 1679 1694 1742 et
1738 1677 2029 1742 Muelleri
2076 1678 2415 1742 sententiae
2458 1678 2871 1760 exponuntur.

971 1800 1090 1865 ΙΙΙ.
1174 1798 1613 1864 Recentiorum
1658 1797 2108 1863 commentarii.

979 1920 1091 1986 IV.
1178 1919 1349 1986 Num
1396 1919 1595 1986 Draco
1638 1919 1888 2002 ephetas
1930 1917 2303 1984 instituerit.

1002 2042 1078 2108 V.
1169 2039 1484 2119 Quaenam
1527 2041 1695 2107 inter
1740 2039 1991 2122 ephetas
2035 2058 2363 2132 naucraros
2406 2039 2798 2124 Areopagum
2832 2040 2949 2104 in*

1169 2163 1518 2229 tercesserit
1563 2160 1725 2227 ratio
1768 2160 2119 2245 generat-im
2165 2160 2511 2243 exponitur.

970 2285 1077 2352 VI.
1168 2281 1334 2361 Quae
1380 2284 1464 2348 sit
1510 2300 1947 2347 naucrarorum
1990 2281 2165 2366 origo
2195 2283 2259 2347 et
2291 2300 2593 2364 quaenam
2638 2281 2806 2346 inter
2836 2299 2955 2346 eos·

1167 2407 1534 2488 ephetasque
1577 2404 1929 2492 coniunctio
1974 2403 2414 2469 intercesserit.
2636 2482 2641 2487 .

939 2527 1084 2592 VII.
1174 2524 1341 2604 Quae
1385 2526 1470 2591 sit
1515 2525 1820 2608 Areopagi
1852 2525 2022 2609 origo
2051 2543 2323 2607 quaeque
2353 2523 2518 2589 inter
2541 2524 2950 2606 Areopagum-2

1169 2649 1538 2731 ephetasque
1580 2645 1935 2712 coniunctio
1980 2645 2189 2710 fuerit.

903 2770 1082 2834 VIII.
1169 2768 1260 2834 De
1314 2766 1556 2834 Solonis
1610 2769 1745 2852 lege
1801 2765 2135 2832 oblivionis
2192 2785 2345 2848 quae
2399 2767 2653 2832 vocatur
2721 2765 2947 2850 (Plut.-

1171 2889 1294 2956 Sol.
1340 2909 1469 2972 cap.
1521 2891 1649 2969 19).

1634 3219 2029 3230 ————·-—-——
