3242 5042
752 397 829 456 56

829 549 924 613 Ad
967 552 1346 632 postremum
1393 548 1775 613 adiciendum
1826 552 1920 613 est
1964 549 2264 612 rationem
2312 547 2505 630 illam,
2555 567 2675 632 qua
2706 547 2865 611 Plu-

660 671 911 735 tarchus
967 670 1128 753 legis
1173 670 1594 736 testimonium
1644 670 1885 734 elevare
1942 673 2215 742 conetur,
2265 669 2432 734 nullo
2478 669 2660 734 modo
2706 687 2856 752 pro-

661 791 796 857 bari
851 810 1048 874 posse.
1141 790 1424 856 Solonem
1491 791 1677 865 enim,
1747 809 1886 855 eum
1954 791 2113 856 hano
2179 791 2384 874 legem
2444 789 2672 867 ederet,
2732 808 2853 854 non

657 930 760 976 eos
825 913 1059 976 iudices
1116 915 1446 995 spectasse,
1515 913 1619 995 qui
1681 931 1744 976 re
1804 932 1949 977 vera
2003 913 2364 986 iudicarent,
2410 912 2515 976 sed
2563 931 2685 986 soe,
2742 909 2852 993 qui

665 1035 995 1100 iudicaturi
1060 1035 1310 1109 fuerint,
1379 1035 1432 1097 si
1498 1033 1672 1117 leges
1740 1033 1983 1098 Solonis
2051 1034 2228 1098 datae
2282 1036 2503 1106 essent,
2562 1033 2699 1116 quis
2760 1033 2871 1095 est.

662 1157 766 1239 qui
814 1156 930 1221 sibi
981 1155 1477 1240 persuadeat?¹).

833 1276 1077 1342 Solonis
1122 1278 1324 1360 legem
1373 1277 1702 1344 oblivionis
1734 1317 1817 1326 —-
1850 1277 2017 1343 Plut.
2054 1278 2179 1344 Sol.
2224 1296 2354 1362 cap.
2410 1279 2486 1341 19
2520 1313 2602 1324 -—
2632 1277 2855 1341 testari

662 1401 926 1464 vidimus
991 1400 1384 1484 Areopagum
1451 1401 1592 1464 ante
1660 1399 1945 1464 Solonem
2008 1401 2303 1465 iudicium
2364 1400 2581 1463 saltem
2640 1400 2863 1463 fuisse..

659 1519 864 1600 Quid?
931 1522 1089 1605 quod
1160 1523 1358 1586 exstat
1411 1521 1594 1586 etiam
1656 1542 1725 1586 ex
1784 1522 2149 1606 anssiquitate
2196 1522 2638 1604 testimonium,
2686 1521 2857 1605 quod

659 1643 1006 1726 significare
1084 1643 1327 1708 videtur
1406 1644 1797 1728 Areopagum
1876 1647 2017 1708 ant-e
2088 1643 2368 1709 Solonem
2440 1647 2502 1708 et
2569 1647 2861 1708 senatum-

657 1764 886 1828 fuisse?
1589 1811 1595 1824 .

828 1887 1006 1969 Apud
1055 1887 1451 1952 Aristotelem
1480 1925 1562 1934 -—
1593 1889 1727 1952 Pol.
1776 1887 1859 1970 ΙΙ,
1907 1891 1965 1970 9,
2015 1892 2053 1952 2
2100 1892 2161 1952 et
2206 1889 2245 1952 3
2294 1891 2457 1973 (cap.
2490 1889 2705 1973 12)-
2735 1889 2865 1952 hoc·

657 2009 955 2091 scriptum
1020 2009 1351 2073 habemus:
1422 2007 1695 2074 Σόλωνα
1763 2005 1989 2073 δ’ἔνιοι
2054 2007 2175 2088 μὲν
2230 2007 2484 2073 οἴονται
2540 2012 2855 2089 γενέσθαι

653 2133 1028 2216 νομοθέτην
1096 2131 1480 2194 σπουδαῖον.
1544 2127 1928 2214 ὀλιγαρχίαν
1992 2153 2061 2194 τε
2117 2129 2233 2216 γὰρ
2288 2131 2645 2195 καταλῦσαι
2704 2132 2867 2196 λίαν

655 2249 934 2334 ἄκρατον
979 2241 1208 2329 οὖσαν,
1257 2250 1365 2316 καὶ
1395 2251 1788 2316 δουλεύοντα
1828 2251 1945 2317 τὸν
1978 2254 2187 2340 δῆμον
2218 2256 2473 2318 παῦσαι
2504 2252 2613 2317 καὶ
2644 2255 2844 2340 δημο-

601 2463 606 2468 .
653 2374 920 2451 κρατίαν
964 2374 1364 2460 καταστῆσαι
1405 2372 1526 2459 τὴν
1570 2372 1871 2455 πάτριον,
1927 2375 2202 2455 μίξαντα
2246 2374 2453 2448 καλῶς
2495 2373 2615 2458 τὴν
2659 2375 2849 2438 πολι-

649 2495 858 2558 τείαν·
902 2469 1071 2559 εἶναι
1105 2493 1224 2579 γὰρ
1253 2493 1372 2582 τὴν
1400 2494 1522 2573 μὲν
1551 2494 1620 2560 ἐν
1652 2491 1882 2580 Ἀρείῳ
1916 2495 2108 2578 πάγῳ
2134 2479 2378 2581 βουλὴν
2402 2491 2853 2582 ὀλιγαρχικόν,

653 2613 728 2677 τὸ
774 2614 846 2678 δὲ
887 2614 1000 2688 τὰς
1042 2611 1243 2698 άρχάς
1286 2615 1542 2699 αἱρετὰς
1586 2612 2147 2701 άριστοκρατικόν,
2192 2616 2267 2679 τὸ
2314 2615 2385 2681 δὲ
2424 2617 2855 2705 δικαστήριον

651 2736 1029 2823 δημοτικόν.
1119 2738 1295 2803 ἔοικε
1338 2737 1410 2803 δὲ
1454 2737 1687 2802 Σόλων
1732 2737 1947 2803 ἐκεῖνα
2000 2738 2120 2820 μὲν
2182 2737 2565 2823 ὑπάρχοντα
2610 2739 2859 2824 πρότε-

651 2880 766 2943 ρον
811 2853 890 2922 οὗ
935 2857 1312 2938 καταλῦσαι,
1356 2859 1477 2947 τήν
1520 2881 1590 2924 τε
1634 2859 1879 2946 βουλὴν
1924 2859 2034 2924 καὶ
2063 2859 2197 2947 ,τὴν
2241 2862 2368 2924 τῶν
2417 2857 2634 2945 α’ρχῶν
2666 2865 2846 2944 αἴρε-

651 2997 778 3058 σιν,
834 2978 950 3044 τὸν
1003 2979 1339 3084 δὲ.δῆμον
1392 2983 1829 3069 καταστῆσαι,’
1873 2981 1952 3044 τὰ
2006 2982 2392 3068 δικαστηρια
2438 2983 2725 3071 ποιήσας
2770 2984 2849 3048 ἐκ

651 3101 935 3166 πάντων.
961 3103 998 3186 ἕ
1024 3103 1062 3167 3
1083 3101 1190 3166 διὸ
1218 3101 1327 3166 καὶ
1348 3105 1729 3186 μέμφονταί
1748 3125 1917 3176 τινες
1940 3101 2133 3186 αὐτῷ·
2168 3103 2363 3169 λῦσαι
2387 3105 2505 3189 γὰρ
2530 3075 2841 3188 θάτερον,

649 3223 877 3309 κύριον
944 3226 1319 3311 ποιήσαντα
1374 3225 1448 3289 τὸ
1508 3225 1931 3313 δικαστήριον
1998 3226 2287 3306 πάντων,
2351 3227 2685 3313 κληρωτὸν
2744 3225 2852 3294 ὄν,

647 3345 798 3410 ἐπεὶ
858 3347 975 3430 γὰρ
1009 3323 1206 3410 ’τοῦτ’
1257 3345 1550 3428 ἴσχυσεν,
1605 3340 1832 3433 ὥσπερ
1878 3348 2169 3432 τυράννῳ
2214 3350 2307 3411 τῶ
2350 3349 2535 3436 δήμῳ
2582 3349 2840 3433 χαριζό·

647 3489 836 3548 μενοι
887 3467 1009 3554 τὴν
1062 3468 1406 3533 πολιτείαν
1459 3467 1553 3541 εἰς
1595 3468 1715 3556 τὴν
1759 3470 1877 3532 νῦν
1921 3471 2363 3555 δημοκρατίαν
2404 3470 2847 3558 μετέστησαν·

647 3589 757 3654 καὶ
822 3590 941 3677 τὴν
1006 3589 1127 3671 μὲν
1184 3590 1254 3655 ἐν
1309 3587 1538 3676 Ἀρείῳ
1593 3592 1784 3675 πάγῳ
1831 3590 2077 3678 βουλὴν
2122 3589 2481 3678 Ἐφιάλτης
2526 3593 2843 3658 ἐκόλουσε

647 3712 756 3777 καὶ
803 3713 1148 3800 Περικλῆς,
1191 3714 1271 3778 τὰ
1317 3713 1389 3778 δὲ
1432 3713 1821 3800 δικαστήρια
1863 3715 2264 3800 μισθοφόρα
2309 3720 2663 3802 κατέστησε
2710 3721 2849 3780 He·—

648 3835 890 3922 ρικλῆς,
937 3833 1044 3899 καὶ
1089 3837 1321 3902 τοῦτον
1361 3835 1444 3922 δὴ
1492 3833 1610 3902 τὸν
1654 3836 1908 3920 τρόπον
1955 3837 2224 3911 ἕκαστος
2266 3839 2394 3901 τῶν
2439 3840 2841 3925 δημαγωγῶν

647 3956 1020 4043 προήγαγεν
1081 3953 1295 4032 αὔξων
1360 3954 1455 4030 εἰς
1517 3955 1639 4043 τὴν
1692 3960 1811 4022 νῦν
1866 3960 2327 4044 δημοκρατίαν.
2418 3961 2719 4041 φαίνεται
2765 3959 2841 4024 δὲ

820 4149 872 4212 1)
919 4147 1299 4203 Admirandum
1338 4152 1436 4214 est,
1473 4148 1615 4217 quod
1650 4147 1973 4204 Weckleinio
2020 4150 2151 4205 haee
2189 4151 2328 4204 ratio
2365 4151 2440 4204 rei
2479 4150 2837 4220 expediendae

642 4234 900 4304 placuisse
937 4235 1162 4291 videtur.
1235 4235 1436 4292 Weckl.
1473 4236 1509 4290 l.
1547 4236 1583 4290 l.
1633 4253 1681 4307 p.
1722 4238 1806 4291 25.
1880 4237 1991 4294 Cfr.
2028 4236 2393 4292 Waohsmuth.
2434 4237 2587 4301 1874,
2624 4255 2673 4308 p.
2714 4238 2849 4292 479.

2986 4981 3232 4995 ,-,-,Ᾰ,---,-..Α
