3242 5042
811 439 889 496 66

891 589 1234 655 Archontes
1301 591 1442 680 ante
1511 587 1801 655 Solonem
1866 590 2276 656 communiter
2334 589 2563 654 iudicia
2606 589 2906 674 quaedam

719 711 1084 790 exercuisse,
1129 710 1327 786 locus,
1372 729 1552 794 quem
1599 711 1763 795 apud
1801 709 2065 778 ‘Suidam
2112 731 2160 774 s.
2211 731 2268 775 v.
2316 707 2537 795 ἅρχων
2568 711 2727 775 etin
2766 711 2906 777 Lex,

719 830 974 916 Seguer.
1021 853 1079 916 p.
1128 835 1254 897 449
1301 832 1602 916 scripssum
1650 833 1970 914 habemus,
2015 833 2344 898 adfirmare
2372 832 2615 898 videtur
2642 833 2721 914 ¹):
2760 827 2910 916 ’Ἃρ-

714 973 939 1032 χοντες
981 953 1054 1018 οἱ
1093 953 1276 1018 ἐννέα
1319 954 1524 1031 τίνες,·
1568 956 1989 1033 θεσμοθέται
2034 953 2125 1038 ἔξ,
2157 951 2397 1038 ἄρχων,
2428 952 2757 1037 βασιλεύς,
2788 973 2908 1016 πο-

716 1073 1054 1158 λέμαρχος.
1103 1072 1214 1138 καὶ
1259 1072 1392 1157 πρὸ
1436 1072 1560 1153 μὲν
1587 1077 1717 1140 τῶν
1761 1073 2068 1149 Σόλωνος
2096 1075 2319 1156 νόμων
2350 1069 2474 1139 οὔκ
2502 1074 2656 1161 ἐξῆν
2686 1069 2908 1146 αὐτοῖς

715 1187 850 1276 ἅμα
905 1195 1209 1280 δικάζειν,
1267 1191 1414 1260 ἄλλ’
1467 1194 1504 1259 ὁ
1560 1197 1683 1280 μὲν
1727 1196 2034 1282 βασιλεῦς
2077 1198 2379 1283 καθῆστο
2427 1194 2608 1281 παρὰ
2655 1197 2745 1278 τῷ
2788 1217 2900 1260 κα·-

713 1314 1008 1400 λουμένῳ
1054 1317 1410 1402 βουκολείῳ
1461 1357 1538 1366 -—
1584 1318 1660 1381 τὸ
1710 1317 1781 1382 δὲ
1825 1307 1907 1405 ἦν
1952 1319 2239 1406 πλησίον
2262 1320 2381 1382 τοῦ
2400 1318 2799 1403 πρυτανείου
2820 1354 2903 1363 --

715 1434 752 1498 ὃ
810 1437 1222 1523 πολέμαρχος
1275 1439 1345 1504 ἐν
1399 1441 1685 1524 Λυκείῳ,
1732 1439 1842 1504 καὶ
1886 1438 1923 1503 ὁ
1970 1437 2189 1525 ἄρχων
2234 1438 2415 1522 παρὰ
2459 1436 2613 1509 τοὺς
2655 1435 2904 1501 ἑπώνύ-

711 1580 896 1639 μους,
942 1560 1014 1624 οἶ
1051 1563 1470 1642 θεσμοθέται
1515 1559 1698 1646 παρὰ
1742 1559 1817 1623 τὸ
1866 1563 2344 1641 θεσμοθέσιον.
2392 1556 2615 1642 κύριοί
2640 1580 2710 1622 τε
2737 1547 2904 1645 ἦσαν

718 1673 884 1744 ὥστε
938 1681 1052 1754 τὰς
1108 1684 1292 1755 δίκας
1333 1677 1703 1753 αὐτοτελεῖς
1746 1669 2121 1744 ποιεῖσθαι.
2168 1673 2443 1765 ὕστερον
2487 1679 2560 1744 δὲ
2603 1679 2908 1754 Σόλωνος

711 1797 903 1866 οὐδὲν
966 1801 1191 1889 ἕτερον
1255 1799 1478 1878 αὐτοῖς
1539 1803 1822 1867 τελεῖται
1876 1794 1920 1888 ἦ
1972 1798 2181 1882 μόνον
2248 1797 2684 1886 ὖποκρίνουσι
2748 1801 2903 1876 τοῦς

711 1919 1094 1998 ἀντιδίκους.

883 2045 1128 2110 Primos
1183 2064 1394 2110 versus
1454 2044 1637 2109 huius
1682 2045 1803 2108 loci
1847 2043 2053 2126 aliquo
2091 2043 2270 2106 modo
2316 2042 2571 2110 vitiatos
2616 2064 2747 2110 esse
2791 2064 2903 2129 pro

711 2169 878 2230 certo
925 2165 1239 2230 adfirmari
1283 2166 1572 2249 potest2).
1664 2165 1817 2228 Post
1855 2163 2039 2228 verba
2084 2161 2217 2247 πρὸ
2262 2161 2383 2243 μὲν
2428 2165 2557 2230 τῶν
2600 2166 2904 2240 Σόλωνος

709 2282 932 2365 νόμων
974 2284 1254 2352 lacunam
1303 2305 1436 2352 esse
1480 2287 1578 2352 his
1623 2285 1698 2350 de
1742 2284 1943 2348 causis
1986 2282 2335 2365 colligitur:

883 2407 1090 2473 verbis
1147 2406 1304 2493 πρὸ
1358 2407 1486 2470 τῶν
1529 2402 1837 2476 Σόλωνος
1878 2401 2099 2484 νόμων
2144 2397 2267 2466 οὐκ
2311 2403 2463 2492 ἐξῆν
2506 2405 2731 2479 αὐτοῖς
2774 2415 2898 2482 (ar-

711 2528 1066 2614 chontibus)
1119 2522 1254 2609 ἅμα
1314 2525 1601 2603 δικάζειν
1656 2524 1996 2608 significari
2052 2524 2295 2590 videtur
2352 2527 2676 2592 archontes
2722 2532 2903 2612 post

711 2649 998 2715 Solonem
1054 2651 1234 2734 plura
1278 2649 1507 2715 iudicia
1551 2667 1737 2733 quam
1783 2650 1965 2711 antea
2008 2647 2357 2712 communia
2401 2647 2691 2714 habuisse
2720 2652 2900 2715 —id

712 2769 874 2850 quod
919 2769 1143 2835 falsum
1191 2789 1322 2834 esse
1369 2770 1645 2854 apparet,

882 2891 1072 2956 verba
1137 2883 1410 2976 ὕστερον
1464 2887 1538 2954 δὲ
1594 2887 1899 2960 Σόλωνος
1951 2881 2144 2952 οὐδὲν
2201 2887 2425 2972 ἕτερον
2468 2915 2526 2953 κ.
2573 2914 2628 2954 τ.
2674 2890 2731 2957 λ.
2779 2893 2898 2956 nisi

708 3009 786 3074 iis
840 3011 1044 3074 verbis
1099 3031 1253 3096 quae
1298 3009 1643 3094 proxima
1686 3009 2055 3074 antecedunt
2091 3046 2163 3056 --
2202 3009 2422 3092 κυριοί
2444 3031 2516 3074 τε
2538 2999 2705 3097 ἦσαν
2750 3037 2807 3075 κ.
2838 3037 2893 3076 τ.

707 3130 764 3193 λ.
816 3169 896 3179 -
943 3132 1249 3198 οοῑιττατίε
1298 3150 1417 3196 non
1463 3133 1697 3207 sunffl).

711 3338 886 3394 monia
931 3338 1124 3393 adferri
1178 3338 1459 3407 nequeunt.
1542 3335 1661 3396 Sed,
1700 3335 1910 3389 etiamsi
1946 3334 2137 3406 Langii
2174 3336 2475 3391 coniectura
2510 3335 2645 3390 falsa
2680 3336 2767 3398 sit,
2805 3353 2901 3406 po·

709 3429 927 3482 tnerunt
961 3426 1128 3481 nihilo
1165 3425 1338 3480 minus
1375 3423 1436 3477 ἐκ
1469 3425 1801 3495 πρυτανείου
1837 3422 2037 3477 iudicia
2074 3440 2310 3480 exercere
2345 3425 2636 3479 archontes.

885 3532 940 3601 1)
1000 3531 1250 3602 Langiu5‚
1290 3530 1444 3593 1874,
1482 3547 1532 3601 p.
1572 3531 1796 3582 72-76.

881 3639 939 3706 2)
992 3638 1397 3699 Schoemannns‚
1455 3635 1667 3690 Griech.
1712 3634 1943 3688 Alterth.
1981 3633 2053 3704 1⁸,
2092 3635 2245 3698 1871,
2285 3651 2403 3705 pag.
2442 3635 2572 3688 437:
2628 3635 2769 3690 »Vor
2804 3635 2895 3690 So·-

702 3728 807 3791 lon,
862 3727 1153 3783 versichert
1188 3743 1285 3779 uns
1323 3725 1410 3780 ein
1455 3724 1666 3779 freilieh
1710 3722 1833 3777 sehr
1868 3722 2313 3792 apokryphisches
2349 3723 2602 3794 Zeugniss
2642 3755 2703 3766 -
2743 3723 2887 3779 Suid.

705 3817 815 3870 unt.
873 3810 1060 3885 ἅρχων
1103 3845 1182 3877 -—,
1238 3829 1346 3868 war
1400 3829 1457 3868 es
1505 3811 1606 3866 den
1643 3827 1780 3864 neun
1818 3810 2121 3864 Archonten
2158 3812 2306 3866 nicht
2340 3813 2621 3881 gestatu-st,
2655 3812 2891 3884 gemein-

703 3904 985 3959 schaftlich
1038 3919 1103 3957 zu
1156 3901 1377 3956 Gericht
1423 3918 1485 3955 zu
1523 3901 1715 3954 sitzen:
1763 3899 1887 3953 aber
1924 3898 2017 3953 das
2054 3899 2239 3954 thaten
2276 3901 2351 3954 sie
2388 3901 2522 3955 auch
2558 3901 2612 3954 in
2650 3900 2751 3956 den
2786 3917 2886 3954 uns

700 3993 1056 4048 bekannteren
1092 3991 1273 4046 Zeiten
1317 3990 1482 4055 nicht,
1530 3989 1639 4044 und
1673 4005 1729 4044 es
1766 4004 1907 4042 mnss
1938 3988 2087 4056 jener
2124 3987 2341 4060 Angabe
2378 3989 2562 4059 irgend
2599 3989 2685 4043 ein
2724 3990 2881 4044 Miss-

701 4081 1066 4136 verstandniss
1103 4097 1168 4134 zu
1204 4078 1415 4134 Grunde
1451 4079 1677 4149 liegenn.

876 4189 935 4255 3)
986 4185 1140 4252 Quod
1189 4185 1423 4258 Longius
1471 4185 1535 4240 de
1569 4185 1794 4252 Λυκείῳ
1832 4185 1888 4237 et
1933 4183 2294 4252 Θεσμοθεσίῳ
2332 4179 2477 4246 dicit,
2516 4183 2671 4253 plane
2708 4184 2873 4240 incer·

700 4280 815 4332 tum
851 4278 948 4330 est.
