3242 5042
2395 453 2475 508 15

373 601 538 665 ritus
608 600 820 665 autem
897 597 1318 681 expiationum
1401 598 1745 681 eupatridis
1817 598 1965 662 solis
2035 599 2272 682 cogniti
2345 606 2564 667 essent.

376 719 648 801 Ephetas
700 717 868 782 enim
925 738 1264 801 numquam
1319 737 1440 784 non
1486 737 1555 783 ex
1598 719 1942 802 eupatridis
1986 721 2264 802 sumptos
2308 739 2452 797 esse,
2498 722 2566 786 in

375 839 694 920 Areopago
767 841 904 921 post
973 837 1264 922 §olonem
1350 839 1586 903 multos
1661 838 1930 920 plebeios
2003 839 2283 906 homines
2356 842 2564 907 fuisse.

377 957 694 1035 Caeffium,
739 977 895 1040 quae
940 959 1326 1024 voluntariae
1371 958 1592 1034 essent,
1640 976 1899 1039 poenam
1942 958 2133 1024 fuisse
2162 963 2271 1024 aut
2302 963 2567 1026 mortem

332 1077 483 1142 'aut
550 1079 834 1144 exsilium
904 1081 1288 1162 perpetuum,
1371 1097 1564 1160 neque
1637 1077 1707 1142 in
1772 1077 2074 1143 eiusmodi
2140 1080 2339 1144 causis
2405 1080 2564 1144 sacri

372 1199 528 1264 iuris
573 1199 832 1264 scientia
877 1218 1026 1281 opus
1069 1198 1276 1263 fuisse.

541 1317 714 1398 Quod
758 1322 942 1385 antea
985 1321 1053 1385 in
1100 1318 1507 1384 Schoemanni
1563 1318 1941 1383 sententiam
1984 1317 2564 1396 animadvertimus,
2659 1365 2662 1370 -

371 1440 437 1504 id
505 1439 786 1505 videmus
852 1439 1226 1504 Muellerum
1293 1439 1571 1504 evitasse.
1663 1437 2047 1502 Mutationes
2102 1438 2251 1504 illas
2308 1439 2396 1503 rei
2448 1458 2563 1521 pu-

373 1560 569 1625 blicae
658 1579 780 1624 non
869 1559 1055 1624 habet
1072 1608 1088 1637 ‚
1187 1577 1380 1640 neque
1473 1560 1681 1644 inepte
1768 1557 2011 1624 Solonis
2097 1559 2565 1623 institutionem

375 1679 725 1762 explicavit.
785 1676 955 1758 Quod
989 1679 1197 1744 autem
1229 1678 1474 1744 Polluci
1503 1679 1691 1744 fidem
1726 1679 2021 1762 abrogare
2056 1679 2217 1757 vult,
2249 1673 2565 1744 nemiffem

375 1802 554 1866 credo
597 1801 952 1866 existimare
1008 1819 1180 1884 posse
1232 1820 1375 1865 eum
1420 1802 1574 1866 satis
1618 1801 1804 1866 firma
1844 1802 2215 1884 argumenta
2258 1800 2561 1865 attulisse.

378 1919 633 2003 Optimo
677 1921 810 1984 iure
854 1917 1312 1984 Schoemannus
1370 1921 1625 2004 negavit
1675 1939 1737 1984 se
1779 1939 2205 1986 concessurum
2250 1939 2378 1985 esse
2420 1919 2567 1984 Pol·

375 2041 576 2105 lucem
642 2041 756 2104 hoc
823 2040 954 2105 loco
1023 2042 1352 2122 erravisse,
1433 2041 1556 2106 nisi
1636 2040 1926 2124 graviora
1985 2040 2357 2123 argumenta
2423 2058 2564 2121 pro·

373 2159 704 2224 ferrentur.
778 2158 992 2242 Neque
1034 2161 1364 2226 Plutarchi
1406 2160 1610 2225 locum
1665 2161 1946 2226 refellere
1987 2159 2256 2226 Mueller
2308 2159 2565 2223 conatus

373 2280 485 2356 est.
576 2278 837 2344 Constat
880 2281 948 2345 in
992 2281 1128 2364 lege
1170 2298 1354 2363 supra
1397 2285 1876 2346 commemorata
1923 2281 2120 2346 trium
2160 2280 2563 2364 collegiorum

376 2402 752 2466 mentionem
811 2401 965 2483 fieri,
1041 2421 1196 2484 quae
1255 2401 1429 2470 inter.
1480 2419 1544 2466 se
1607 2400 1911 2466 distincta
1976 2401 2152 2464 sunt:
2234 2400 2563 2484 Areopagi,

376 2521 780 2605 Ephetarum‚
827 2521 1148 2605 Prytanei.

555 2816 621 2882 Si
664 2835 819 2898 quae
863 2818 990 2882 iam
1033 2817 1318 2882 concludi
1362 2821 1639 2900 possunt,
1685 2816 1832 2882 haec
1874 2815 2001 2881 fere
2044 2819 2218 2880 sunt:

555 2937 608 3002 si
654 2937 900 3002 Polluci
943 2937 1094 3002 fides
1137 2939 1230 3002 est
1274 2936 1695 3015 attribuenda,

553 3057 605 3122 si
674 3057 875 3140 legem
943 3057 1218 3134 SoloniS,
1283 3056 1445 3138 apud
1513 3055 1919 3121 Plutarchum
1998 3059 2563 3135 commemoratam,

379 3180 570 3246 aliter
615 3178 1012 3260 interpretari
1061 3197 1180 3242 non
1224 3193 1564 3261 possumus,

550 3300 951 3365 statuendum
995 3300 1088 3364 est
1132 3296 1621 3363 Schoemannum
1668 3296 1831 3360 recte
1874 3295 2173 3362 iudicasse
2218 3334 2299 3343 -
2340 3315 2562 3378 quam-

374 3439 561 3502 quam
629 3420 722 3484 est
788 3419 948 3500 quod
1005 3418 1182 3482 nobis
1237 3417 1580 3500 displiceat,
1626 3416 1681 3481 si
1726 3415 2105 3482 mutationes
2148 3415 2239 3481 rei
2283 3415 2566 3499 publicae

373 3539 852 3616 consideramuS‚
886 3556 1038 3620 quas
1072 3538 1192 3602 huc
1233 3537 1410 3613 illuc,
1455 3535 1510 3600 si
1555 3532 2049 3600 Schoemannum
2092 3535 2425 3617 sequimur,
2472 3534 2562 3598 le·

375 3659 706 3743 gislatores
748 3659 959 3724 fecisse
1001 3658 1372 3724 credendum
1417 3659 1530 3722 est.

547 3783 938 3864 Argumenta
981 3783 1190 3846 autem
1233 3780 1369 3859 illa,
1425 3798 1578 3862 quae
1623 3778 2082 3845 Schoemannus
2124 3775 2411 3860 graviora
2455 3775 2559 3840 de-

372 3902 704 3980 siderabat,
750 3901 911 3967 mihi
954 3903 1083 3968 iam
1128 3901 1421 3966 videntur
1463 3899 1689 3964 adesse.

1267 4163 1665 4177 ———-—
