3242 5042
815 436 891 494 12

896 587 1244 669 iudiciaque
1287 587 1354 654 in
1400 589 1669 672 quinque
1713 592 1847 658 illis
1892 593 2237 662 dicasteriis
2280 599 2630 678 exercuisse,
2668 619 2738 664 ex
2770 601 2911 682 qui-

724 706 839 770 bus
894 725 1115 784 unum,
1181 708 1340 789 quod
1398 710 1667 776 maxima
1709 713 2081 780 auctoritate
2124 719 2303 800 esset,
2346 718 2757 802 Areopagum,
2800 738 2909 784 no·-

721 845 865 928 men
909 827 1170 893 consilio
1213 825 1470 906 dedisse,

893 947 1132 1024 deinde,
1199 965 1341 1013 cum
1397 949 1602 1015 officia
1665 950 1797 1016 eius
1860 956 2107 1018 senatus
2161 956 2339 1039 plura
2394 958 2733 1040 coepissent
2782 977 2911 1024 esse

720 1085 907 1149 quam
973 1085 1128 1149 quae
1193 1087 1388 1134 unum
1444 1069 1776 1136 consilium
1830 1072 2001 1140 obire
2051 1077 2274 1158 posset,
2320 1097 2357 1142 a
2406 1076 2683 1146 Dracone
2724 1079 2906 1163 ephe-

720 1186 818 1252 tas
863 1187 1190 1254 institutos
1233 1207 1362 1256 esse
1403 1191 1480 1256 ad
1525 1189 1757 1256 iudicia
1800 1195 2167 1277 occupanda,

890 1307 1102 1390 itaque
1153 1327 1188 1374 e
1241 1306 1542 1375 Draconis
1595 1311 1978 1396 temporibus
2030 1317 2095 1382 et
2136 1316 2467 1384 consilium
2512 1318 2701 1384 fuisse
2744 1339 2906 1386 areo-

718 1426 1094 1510 pagitarum,
1149 1430 1310 1511 quod
1368 1432 1746 1497 senatorium
1803 1453 2029 1500 munus
2072 1436 2273 1503 solum
2318 1438 2576 1516 teneret,
2622 1442 2687 1504 et
2728 1443 2905 1524 ephe-

720 1549 842 1626 taS,
896 1548 1006 1629 qui
1048 1548 1116 1612 in
1161 1547 1480 1634 Areopago
1523 1553 1587 1616 et
1631 1553 1699 1618 in
1743 1554 1962 1620 ceteris
2008 1558 2303 1638 quattuor
2347 1558 2693 1626 dicasteriis
2736 1561 2903 1628 iudi-

713 1669 944 1744 carent,
965 1670 1018 1752 ¹)

658 1881 662 1885 ι
887 1792 1026 1854 tum
1059 1789 1344 1858 Solonem
1381 1811 1609 1857 novum
1638 1791 1967 1858 consilium
2006 1798 2504 1882 areopagitarum
2532 1799 2902 1885 instituisse,

717 1911 877 1995 quod
945 1915 1007 1976 et
1071 1911 1321 1978 senatus
1375 1912 1534 1976 esset
1587 1912 1652 1976 et
1706 1913 1773 1976 in
1818 1913 2136 2000 Areopago
2180 1918 2255 1982 de
2297 1919 2585 1984 caedibus
2626 1920 2905 1986 consulto

604 2075 610 2084 -
716 2033 902 2097 factis
945 2033 1210 2115 aliisque
1250 2030 1621 2112 quibusdam
1666 2033 1867 2096 causis
1910 2034 2233 2114 iudicaret,

888 2154 1126 2237 ephetis
1169 2150 1376 2217 autem
1431 2151 1633 2216 cetera
1684 2153 1979 2234 quattuor
2026 2158 2285 2224 minoris
2329 2161 2629 2226 momenti
2674 2159 2905 2226 iudicia

713 2274 1052 2356 reliquisse.

883 2395 1065 2460 Hauc
1109 2394 1184 2458 de
1225 2394 1464 2476 ephetis
1509 2394 1857 2462 doctrinam
1901 2396 2177 2462 vidimus
2220 2399 2531 2482 imprimis
2574 2401 2643 2466 in
2687 2401 2901 2484 Pollu·

713 2516 802 2583 cis
845 2514 1206 2580 testimonio
1265 2515 1388 2580 niti
1432 2515 1495 2580 et
1540 2515 1608 2580 in
1654 2516 1784 2582 loco
1828 2516 1942 2582 illo
1988 2517 2063 2581 de
2105 2517 2432 2584 Plutarchi
2477 2520 2612 2586 vita
2658 2520 2903 2586 Solonis

714 2637 980 2718 sumpto.
1067 2634 1211 2698 Nisi
1256 2636 1424 2699 certa
1470 2635 1618 2700 haec
1673 2636 2039 2704 documenta
2098 2639 2246 2717 sint,
2304 2641 2504 2706 totam
2559 2641 2718 2706 hanc
2762 2659 2901 2706 sen-

711 2757 976 2823 tentiam
1035 2755 1346 2821 infirmari
1401 2755 1825 2840 intelligimus
1878 2759 1941 2822 et
1985 2756 2132 2822 labi.
2224 2755 2422 2837 Quam
2466 2762 2732 2826 maxime
2775 2763 2899 2845 igi-

711 2879 818 2942 tur
863 2878 1053 2942 refert
1096 2878 1245 2942 haec
1288 2877 1406 2942 duo
1449 2875 1811 2940 testimonia
1855 2875 1922 2941 in
1966 2877 2385 2958 quaestionem
2417 2899 2650 2956 vocare,
2680 2882 2901 2962 quanti

709 3000 837 3064 sint
881 2997 1285 3064 aestimanda.

881 3119 969 3183 Eo
1014 3119 1217 3201 magis
1259 3117 1562 3183 eiusmodi
1606 3115 2039 3198 disquisitione
2093 3138 2243 3202 opus
2286 3139 2414 3185 esse
2458 3123 2731 3204 apparet,
2779 3139 2899 3202 quo

709 3239 919 3304 minus
964 3239 1097 3304 veri
1141 3238 1378 3304 similes
1418 3237 1595 3302 nobis
1643 3237 2021 3303 mutationes
2065 3239 2215 3304 illae
2259 3244 2346 3306 rei
2383 3241 2664 3325 publicae
2694 3243 2755 3304 et
2785 3260 2895 3305 va-

671 3359 1058 3430 ,cillationes
1124 3357 1436 3432 videntur,
1504 3375 1661 3439 quae
1723 3357 1887 3423 inter
1943 3360 2227 3424 senatum
2284 3362 2783 3444 areopagitarum
2832 3362 2895 3425 et

705 3482 972 3564 ephetaS,
1017 3480 1071 3544 si
1117 3477 1536 3543 Schoemanno
1579 3478 1917 3554 credamuS,
1962 3479 2209 3543 crebrae
2250 3481 2447 3544 factae
2492 3481 2638 3545 sint.
2727 3481 2896 3546 Fieri

705 3600 995 3684 potuisse,
1066 3599 1137 3663 ut
1197 3597 1489 3662 iudiciale
1553 3616 1800 3674 munuS,
1857 3597 2114 3662 consilio
2167 3598 2472 3684 Areopagi
2516 3601 2895 3684 ademptum,

709 3761 982 3770 --—--—-——
987 3762 1103 3769 ——-...-

883 3845 939 3910 1)
975 3843 1034 3896 In
1075 3843 1451 3897 commentario
1490 3843 1614 3897 anni
1653 3843 1789 3896 1875
1826 3871 1888 3882 —
1926 3841 1989 3896 N.
2026 3841 2075 3896 J.
2114 3841 2249 3904 CXI,
2296 3861 2346 3913 p.
2382 3844 2658 3897 157-158
2689 3875 2749 3884 -
2777 3860 2895 3898 sen·

703 3933 931 3987 tentiam
965 3933 1114 3986 illam
1151 3931 1541 3987 Schoemannus
1577 3932 1657 3984 ita
1692 3933 1942 3993 mutavit,
1994 3935 2052 3984 ut
2088 3939 2327 3986 censeret
2360 3932 2693 4004 Areopagum
2732 3934 2894 3987 etiam

705 4025 826 4090 post
870 4021 1164 4075 Draconem
1210 4019 1275 4074 de
1311 4019 1687 4091 »popularibus
1733 4018 2061 4074 actionibus»
2110 4020 2422 4075 iudicavisse
2462 4051 2525 4062 —
2565 4038 2694 4092 quas
2728 4022 2896 4076 cuivis

701 4109 807 4163 civi
842 4109 1030 4164 liceret
1066 4108 1120 4162 in
1158 4124 1295 4170 eum,
1343 4108 1433 4178 qui
1471 4106 1683 4163 caedem
1722 4107 2089 4170 commisisset,
2129 4107 2196 4162 ad
2234 4107 2434 4162 iudices
2471 4107 2690 4163 deferre.
2764 4109 2896 4163 Illae

703 4201 881 4252 autem
919 4212 1040 4267 pop.
1078 4195 1143 4250 de
1181 4195 1428 4250 caedibus
1466 4181 1703 4249 actiones
1748 4193 1893 4250 nullo
1928 4199 2072 4249 certo
2108 4195 2453 4264 antiquitatis
2489 4197 2808 4258 testimonio,
2829 4213 2896 4251 ne

700 4302 764 4341 ex
799 4285 1126 4356 temporibus
1164 4284 1378 4355 quidem
1415 4299 1725 4351 magnorum
1764 4289 2028 4338 oratorum
2066 4286 2310 4353 cognitae
2344 4291 2483 4339 sunt.
