3242 5042
2352 462 2358 467 '
2428 453 2466 510 5

539 598 666 664 iam
722 599 866 664 inde
917 618 954 663 a
1011 599 1314 681 principio
1369 601 1432 664 et
1477 600 1763 666 senatum
1808 598 1997 664 fuisse
2040 601 2103 664 et
2146 599 2470 679 iudicium,
2501 603 2555 678 ¹)

543 717 824 786 Solonem
870 717 1189 784 existimat
1231 721 1603 801 potestatem
1646 719 1953 804 Areopagi
1996 719 2253 786 auxisse.

543 837 1186 904 Animadvertendum
1243 847 1334 902 est
1389 839 1664 905 locorum
1708 839 1949 922 aliquot
1993 839 2319 924 Sigonium
2360 843 2555 908 ratio-

371 979 510 1024 nem
536 959 820 1024 habuisse
853 961 954 1038 (ut
975 958 1148 1023 Plut.
1178 957 1302 1023 Sol.
1326 976 1455 1040 cap.
1487 961 1564 1024 19
1585 961 1649 1024 et
1670 958 1933 1026 Aristot.
1962 960 2211 1026 Politic.
2242 963 2319 1033 ΙΙ,
2336 965 2393 1038 9,
2412 967 2477 1040 2)
2495 966 2553 1042 ²)

371 1099 520 1162 quos
562 1081 724 1144 locos
768 1098 909 1144 cum
955 1056 1211 1144 maximi
1253 1080 1553 1144 momenti
1599 1078 1747 1157 sint,
1794 1080 1861 1145 in
1894 1081 2105 1148 nostra
2135 1082 2560 1166 disputatione

373 1201 610 1282 saepius
651 1217 1128 1264 commemorare
1171 1217 1411 1264 necesse
1453 1198 1593 1263 erit.

542 1319 864 1398 Quodnam
902 1321 1071 1384 inter
1101 1319 1350 1401 ephetas
1380 1320 1444 1382 et
1473 1317 1864 1404 Areopagum
1896 1320 2204 1387 societatis
2235 1323 2555 1388 vinculum

371 1439 562 1504 fuisse
603 1439 1088 1504 existimandum
1133 1438 1237 1516 sit,
1285 1456 1586 1520 nusquam
1629 1444 2091 1508 commemorat.

541 1557 637 1624 Ne
680 1559 746 1624 id
791 1560 1062 1641 quidem,
1106 1559 1266 1640 quod
1309 1578 1348 1623 a
1387 1557 1638 1624 Polluce
1682 1559 1982 1634 traditur,
2031 1564 2184 1629 satis
2209 1563 2330 1628 sibi
2361 1564 2558 1646 expli-

341 1674 559 1744 cavit.
647 1679 886 1744 Mirum
931 1680 1097 1745 enim
1140 1679 1210 1744 in
1255 1679 1506 1745 modum
1555 1698 1676 1745 non
1722 1665 1915 1760 videt,
1959 1685 2012 1749 si
2056 1685 2332 1750 Pollucis
2377 1685 2559 1750 testi-

375 1798 581 1864 monio
647 1801 985 1874 credamus,
1041 1821 1078 1866 a
1133 1800 1382 1884 regibus
1435 1800 1739 1884 originem
1785 1803 2145 1884 ephetarum
2192 1805 2389 1888 repeti
2436 1825 2561 1870 non

375 1935 568 1999 posse.

547 2039 661 2104 Sed
719 2059 841 2105 non
901 2041 1035 2106 ideo
1080 2039 1322 2126 Sigonii
1368 2043 1745 2108 sententiam
1791 2043 2005 2121 attuli,
2051 2047 2121 2108 ut
2166 2043 2417 2126 singula
2464 2061 2560 2107 re-

375 2157 650 2222 fellerem
697 2161 794 2225 vel
843 2163 1182 2244 probarem.
1273 2161 1428 2228 Cum
1473 2163 1899 2248 disputatione
1938 2167 2152 2228 nostra
2199 2163 2379 2245 paulo
2426 2163 2563 2227 lon-

375 2278 514 2362 gius
565 2281 872 2363 progressi
929 2283 1178 2360 erimuS,
1223 2285 1564 2368 apparebit,
1610 2284 1759 2366 quid
1805 2284 1880 2350 de
1925 2286 2023 2350 his
2069 2285 2249 2350 rebus
2289 2285 2560 2349 sentien-

376 2400 524 2464 dum
571 2401 673 2464 sit.
1059 2407 1064 2412 “

545 2519 750 2585 Pauca
813 2539 846 2586 e
902 2521 1140 2609 Sigonii
1198 2525 1360 2590 libro
1403 2525 1723 2590 addamus,
1813 2524 2034 2592 Censet
2080 2527 2247 2591 enim
2298 2545 2418 2590 non
2464 2545 2560 2591 so-

377 2639 504 2704 lum
551 2640 819 2725 quinque
861 2644 971 2708 illa
1015 2643 1376 2710 dicasteria:
1443 2645 1855 2730 Areopagum,
1887 2646 2268 2729 Palladium,
2302 2647 2561 2730 Delphi-

375 2761 570 2844 nium‚
629 2763 1015 2846 Prytaneum
1071 2764 1504 2852 Phreattoque,
1561 2769 1663 2833 sed
1720 2768 1913 2832 etiam
1968 2766 2315 2839 Heliaeam,
2364 2765 2561 2832 Para-

374 2882 650 2966 bystum,
695 2885 824 2949 alia
866 2905 904 2950 a
947 2886 1197 2969 regibus
1241 2888 1569 2970 repetenda
1613 2907 1759 2954 esse.
1778 2889 1837 2972 3)

375 3093 588 3146 tarchns
626 3093 956 3147 existimasse
993 3109 1110 3146 eum
1149 3111 1181 3146 a
1220 3093 1406 3147 Solone
1443 3095 1669 3163 primum
1708 3110 1820 3148 esse
1860 3093 2197 3163 descriptum.
2272 3095 2347 3145 Ut
2382 3095 2560 3146 autem

377 3181 424 3234 ei
479 3181 753 3242 assentior,
809 3197 891 3234 me
937 3185 994 3235 et
1037 3182 1468 3252 gravissimorum
1506 3183 1737 3235 virorum
1776 3181 2062 3235 auctoritas
2100 3187 2155 3234 et
2190 3181 2409 3248 antiqua
2446 3180 2562 3233 vul·

376 3271 532 3336 gatae
592 3269 800 3322 fabulae
835 3269 978 3322 fama
1024 3266 1254 3324 adducit.
1329 3268 1468 3334 Quid
1505 3273 1685 3323 autem
1722 3269 1935 3339 gravius
1971 3271 2054 3322 est
2088 3267 2415 3321 Aristotele?
2488 3269 2563 3320 At

372 3355 462 3410 ille
500 3356 556 3409 in
593 3355 818 3411 secundo
857 3356 936 3410 De
972 3356 1101 3426 Rep.
1139 3355 1380 3411 Solonem
1419 3357 1604 3411 scribit
1643 3357 2080 3426 Areopagitarum
2119 3356 2413 3416 eonsilium,
2442 3372 2562 3409 cum

375 3448 514 3498 esset
549 3449 721 3508 antea,
761 3449 998 3499 evertere
1034 3444 1318 3501 noluisse».

551 3549 603 3617 1)
653 3547 750 3612 ΠΙ,
787 3567 897 3620 cap.
935 3552 996 3606 2:
1054 3550 1233 3606 »Inter
1269 3568 1449 3607 omnes
1483 3552 1685 3607 iudices
1720 3551 2037 3606 auctoritate
2058 3555 2115 3604 et
2140 3551 2309 3620 gloria
2336 3549 2561 3620 praesti-

371 3643 564 3701 terunt,
603 3639 692 3707 qui
729 3656 790 3694 ex
827 3641 1044 3693 consilio
1080 3639 1292 3694 fuerunt
1327 3640 1605 3711 Areopagi.
1680 3639 1845 3706 Quem
1883 3643 2120 3694 senatum
2160 3655 2262 3692 non
2300 3638 2467 3691 solum
2495 3637 2565 3691 de

372 3726 528 3784 rebus
581 3727 942 3782 communibus
987 3729 1311 3783 consult-asse
1364 3729 1455 3784 sed
1501 3729 1664 3782 etiam
1714 3728 1781 3783 de
1830 3728 2003 3781 causis
2050 3725 2367 3796 capitalibus
2421 3724 2559 3779 iudi-

375 3832 519 3871 casse
567 3816 698 3869 satis
732 3819 958 3869 constat.
1029 3817 1203 3886 Atque
1249 3815 1383 3870 hanc
1428 3817 1639 3885 quidem
1678 3816 2029 3885 cognitionem
2068 3831 2187 3869 eum
2224 3815 2330 3867 iam
2368 3813 2493 3866 inde
2532 3829 2567 3866 a

372 3903 582 3971 regibus
635 3903 884 3974 adeptum
938 3921 1052 3958 esse
1096 3909 1252 3958 antea
1298 3905 1650 3974 cognovimus
1724 3902 1891 3970 Quam
1938 3920 2040 3956 non
2099 3903 2251 3957 modo
2294 3903 2415 3956 Solo
2454 3918 2559 3956 non

369 3992 656 4054 imminuit,
693 3991 788 4046 sed
824 3995 988 4046 etiam
1025 3993 1202 4062 aliqua
1238 4009 1299 4046 ex
1336 3997 1484 4061 parte
1523 3992 1789 4047 adauxit».

529 4098 602 4166 2)
653 4097 715 4151 V.
751 4097 893 4152 infra
928 4115 978 4167 p.
1017 4098 1100 4152 56.

544 4204 604 4269 3)
655 4201 696 4265 Ι,
745 4219 858 4272 cap.
899 4204 958 4259 3:
1015 4203 1228 4274 »Neque
1274 4219 1398 4258 vero
1445 4204 1572 4258 haec
1617 4204 1732 4258 sola
1778 4220 1809 4256 a
1860 4201 2069 4272 regibus
2111 4201 2223 4254 sora
2262 4217 2374 4254 esse
2415 4200 2553 4254 arbi·

368 4294 479 4344 tror
526 4291 830 4346 constituta.
905 4292 1065 4346 Cuius
1101 4293 1240 4346 enim
1277 4292 1516 4346 iustitiae
1561 4295 1656 4344 aut
1692 4289 2006 4360 prudentiae
2044 4288 2197 4348 foret,
2236 4289 2565 4357 capitalibus
