3242 5042
2397 447 2475 503 27

263 602 270 606 ’
356 600 562 664 denuo
628 600 707 664 ad
775 619 946 665 suam
1016 600 1390 664 sententiam
1447 596 1891 663 defendendam
1938 595 2258 680 prodiit1).
2349 596 2563 678 Neque

361 721 480 784 ille
548 723 734 803 negat
764 779 772 787 .
801 719 1072 792 τούτους
1135 721 1262 784 iam
1329 739 1456 784 esse
1521 719 1599 783 ab
1654 718 1826 782 omni
1880 718 2054 800 parte
2108 718 2320 782 tutum
2370 737 2563 799 neque

367 841 626 914 τούτοις
692 843 854 925 apud
921 843 1396 908 Demosthenem
1465 863 1501 905 a
1567 841 1819 906 Polluce
1870 841 1969 906 vel
2024 840 2377 906 auctoribus
2431 841 2563 905 eius

369 965 497 1048 legi
541 965 825 1047 potuisse.
919 965 1179 1030 Prorsus
1233 967 1442 1029 autem
1503 965 1691 1047 negat
1736 963 2053 1028 Pollucem
2100 965 2235 1029 tam
2278 964 2561 1045 ineptum

365 1087 575 1165 fuisse,
643 1088 716 1150 ut
783 1107 904 1152 non
955 1057 1354 1170 intellegeret
1396 1085 1653 1158 τούτοις
1697 1087 1819 1150 nisi
1864 1087 2141 1169 ineptam
2188 1086 2559 1151 sententiam

369 1227 490 1274 non
533 1210 873 1274 concedere.
942 1209 1136 1274 Nullo
1182 1210 1379 1293 igitur
1421 1210 1554 1274 iure
1587 1209 1951 1274 recentiores
1982 1209 2347 1273 contendere
2376 1209 2562 1272 verba

371 1330 650 1396 Pollucis
693 1327 1076 1417 ἀριστίνδην
1119 1331 1504 1414 αἱρεθέντας
1554 1332 1633 1396 ab
1676 1331 1791 1397 illo
1836 1331 2056 1395 mendo
2100 1329 2370 1412 profecta
2414 1347 2560 1393 esse.
2634 1298 2639 1303 .

545 1450 870 1517 Credimus
937 1452 1427 1519 Schoemannum
1494 1453 1871 1518 inclinatum
1926 1453 2115 1516 fuisse
2168 1452 2246 1516 ad
2291 1451 2563 1515 Pollucis

367 1575 674 1640 iudicium
739 1575 905 1640 iusto
971 1575 1172 1658 pluris
1235 1575 1714 1640 aestimandum.
1814 1571 1927 1638 Sed
1996 1573 2112 1638 alii
2177 1573 2249 1637 de
2315 1572 2565 1636 Polluce

250 1695 260 1703 “
362 1697 618 1779 eiusque
675 1697 793 1762 fide
851 1697 1036 1762 aliter
1080 1698 1526 1762 iudicaverunt.
1597 1694 1981 1761 Stoientinus
1998 1716 2013 1758 ε
2031 1697 2088 1779 ²)
2156 1694 2298 1776 ”qui
2344 1694 2417 1762 de
2461 1693 2561 1757 in-

379 1818 676 1892 dustria”,
725 1819 949 1902 inquit,
997 1820 1194 1884 ”nihil
1240 1819 1411 1884 aliud
1457 1818 1804 1901 respiciens
1852 1818 2010 1882 hanc
2056 1854 2139 1864 —
2183 1816 2259 1880 de
2301 1816 2567 1879 auctori-

370 1945 510 2007 tate
555 1941 830 2006 Pollucis
861 1979 944 1988 —
973 1941 1393 2024 quaestionem
1439 1941 1825 2014 institueret,
1860 1957 2054 2020 usque
2090 1939 2167 2002 ad
2199 1938 2364 2002 hunc
2400 1937 2565 2001 diem

380 2065 655 2129 nondum
714 2038 1040 2146 quisquam
1101 2063 1364 2127 exstitit.
1422 2081 1576 2144 quae
1619 2080 1763 2126 cum
1809 2062 1901 2125 ita
1946 2061 2093 2137 sint,
2142 2059 2403 2123 minime
2446 2058 2569 2122 mi·

380 2206 520 2250 rum
589 2185 786 2250 videri
845 2186 1069 2268 potest,
1135 2185 1294 2265 quod
1355 2184 1813 2248 diversissima-e
1870 2183 2183 2265 opiniones
2228 2181 2301 2244 de
2346 2199 2461 2244 usu
2506 2181 2570 2243 et

375 2308 752 2372 auctoritate
818 2308 1007 2372 huius
1073 2307 1276 2372 libelli
1337 2345 1415 2353 —
1473 2306 1675 2370 octavi
1738 2304 2015 2369 Pollucis
2074 2343 2145 2349 —
2212 2303 2568 2368 ferebantur

379 2448 614 2512 semper
659 2430 846 2510 atque
887 2429 1076 2494 etiam
1125 2447 1288 2526 nunc
1331 2428 1677 2492 feruntur”.
1760 2425 1843 2490 Et
1891 2426 2275 2489 Stoientinus
2317 2407 2567 2505 quidem

379 2550 554 2640 ipse„
586 2550 695 2632 qui
751 2550 829 2614 ad
887 2550 1227 2632 scriptoris,
1266 2550 1464 2613 nostri
1507 2548 1691 2612 fidem
1739 2547 1807 2611 in
1851 2547 2120 2629 publicis
2162 2545 2569 2626 antiquitati-

383 2671 498 2734 bus
533 2670 1012 2736 Atheniensium
1043 2671 1404 2734 enarrandis
1438 2670 1833 2734 iudicandam
1856 2669 2181 2752 adgressus
2204 2669 2295 2730 est
2319 2667 2572 2748 ideoque

383 2794 668 2857 octavum
735 2792 974 2857 librum
1039 2792 1356 2874 imprimis
1411 2790 1782 2873 percensuit,
1828 2789 2147 2853 Pollucem
2196 2807 2313 2852 non
2360 2787 2574 2870 magni

385 2914 554 2978 facit.
646 2915 977 2979 Hominem
1023 2933 1164 2978 eum
1211 2914 1402 2978 fuisse
1445 2913 1618 2986 dicit,
1672 2912 1782 2994 qui
1830 2911 2095 2975 ”scribae
2139 2908 2342 2992 magis
2384 2927 2573 2990 quam

386 3037 704 3119 scriptoris
749 3036 1038 3100 munere”
1083 3036 1480 3118 fungeretur;
1527 3035 1880 3117 ”plerosque
1924 3033 1991 3096 in
2036 3051 2103 3096 ea
2150 3050 2213 3096 re
2256 3030 2575 3103 erravisse,

385 3159 547 3241 quod
617 3177 686 3222 ex
751 3159 948 3222 alt-ero
1013 3157 1286 3222 Pollucis
1335 3158 1466 3222 loco
1519 3157 1594 3220 de
1643 3156 1839 3220 altero
1898 3173 1960 3218 se
2003 3153 2239 3234 aliquid
2286 3152 2578 3234 colligere

386 3298 556 3363 posse
611 3280 732 3345 sibi
775 3279 1287 3362 persuasissent”;
1344 3278 1677 3343 ”evolvisse
1729 3278 1981 3342 tantum
2037 3275 2349 3340 auctorem
2385 3291 2577 3336 -suum

391 3401 709 3466 Pollucem
776 3403 839 3466 et
905 3404 1016 3466 aut
1085 3401 1471 3482 descripsisse
1536 3401 1649 3464 aut
1716 3387 2099 3482 excerpsisse,
2174 3395 2335 3459 nihil
2402 3393 2579 3458 aliud

393 3524 639 3588 fecisse”
659 3525 735 3608 ³).
823 3522 1033 3605 Atque
1093 3523 1184 3588 ita
1251 3541 1377 3587 esse
1451 3521 1609 3586 mihi
1676 3520 1927 3603 quidem
1997 3517 2381 3582 Stoientinus
2436 3516 2583 3579 adeo

393 3646 698 3728 probavit,
766 3649 838 3709 ut
903 3663 1134 3728 verear,
1203 3664 1280 3709 ne
1335 3643 1526 3710 talem
1555 3643 1893 3732 ‘auctorem
1941 3641 2115 3705 nulla
2158 3639 2393 3703 iniuria
2441 3637 2579 3701 affi-

391 3769 659 3845 ciamuS,
731 3769 784 3833 si
848 3769 906 3832 ei
970 3767 1404 3833 credulitatem
1471 3767 1679 3843 illam,
1748 3783 1935 3847 quam
2002 3761 2461 3826 Schoemannus
2526 3758 2581 3822 ei

393 3890 811 3974 abrogandam
867 3891 1073 3974 putat,
1141 3891 1351 3954 tamen
1415 3884 1884 3954 attribuendam
1955 3903 2083 3963 esse
2138 3882 2583 3947 existimemus,

575 4079 629 4143 1)
666 4073 731 4132 N.
767 4077 816 4132 J.
859 4077 1010 4131 1875.

575 4184 632 4250 2)
669 4181 728 4236 L.
765 4182 801 4236 l.'
837 4201 888 4253 p.
929 4185 976 4236 l.

574 4290 631 4355 3)
667 4287 730 4342 L.
768 4289 803 4342 1.
839 4305 959 4364 pag.
995 4290 1042 4352 3,
1079 4289 1129 4352 4,
1169 4293 1217 4342 5.
