3242 5042
7 2464 28 2620 “q-:-
8 2396 28 2435 -·
7 2296 26 2391 -..“
4 2204 9 2276 “““””
3 1978 13 2186 ῇ-
0 277 25 1898 ρ-ῼἮἭ

0 3080 35 4467 ,ἐ--ξ--Ψὼ
4 2998 8 3053 -
4 2802 28 2973 ---ἠ,-,
7 2772 10 2781 -
6 2643 28 2713 2-

2410 417 2493 474 57

391 559 472 626 οὐ
538 562 699 628 κατὰ
765 563 886 649 τὴν
951 563 1256 638 Σόλωνος
1320 571 1634 647 γενέσθαι
1700 568 1894 631 τοῦτο
1953 567 2363 651 προαίρεσιν,
2422 561 2586 627 ἄλλα

388 684 636 765 μᾶλλον
680 681 818 750 ἀπὸ
865 687 1348 768 συμπτώματος
1390 714 1447 752 κ.
1491 713 1546 754 τ.
1592 688 1649 753 λ.

568 806 717 886 Quis
766 801 952 873 fuerit
996 830 1176 874 verus
1223 812 1486 894 scriptor
1523 812 1707 876 huius
1751 812 1894 889 loci,
1943 830 2061 876 non
2106 812 2313 894 potest
2358 809 2585 873 diiudi-

389 931 535 994 cari.
605 929 1136 1016 Schoemannusl)
1182 936 1411 1016 censet,
1457 933 1939 1016 Goettlingium,
1986 951 2125 996 cnm
2172 932 2333 995 hunc
2378 930 2583 995 locum

395 1053 792 1118 contenderet
857 1071 968 1136 pro
1036 1055 1244 1137 spurio
1302 1055 1677 1119 reiciendum
1725 1074 1879 1131 esse,
1927 1053 2270 1118 rationibus
2316 1072 2437 1117 non
2480 1051 2589 1116 ad-

395 1174 644 1238 modum
689 1175 912 1239 validis
955 1195 1134 1240 usum
1182 1195 1333 1240 esse.
1399 1177 1978 1258 Wachsmuthius²)
2024 1176 2176 1240 satis
2214 1174 2589 1239 confidenter

397 1296 549 1359 dicit
615 1295 1036 1380 Aristotelem,
1103 1317 1224 1363 non
1273 1300 1677 1383 posteriorem
1733 1298 2260 1382 interpolatorem,
2319 1296 2587 1380 primam

390 1421 630 1500 partem
679 1418 900 1501 capitis
945 1419 1290 1484 duodecimi
1339 1422 1675 1504 scripsisse.
1764 1420 1979 1504 Neque
2027 1420 2228 1484 minus
2275 1418 2585 1483 confiden-

387 1541 482 1602 ter
573 1540 848 1624 Philippi
929 1541 1047 1606 sibi
1127 1562 1488 1626 persuasum
1567 1563 1699 1607 esse
1778 1542 2101 1606 confirmat
2180 1540 2582 1605 Aristotelem

391 1680 511 1725 non
578 1662 767 1726 fuisse
831 1662 1001 1727 illius
1059 1664 1184 1728 loci
1237 1669 1580 1740 auctorerm
1630 1665 1943 1729 existimat
1988 1638 2194 1727 nutem
2240 1663 2355 1726 hoc
2402 1663 2600 1744 caput.

388 1783 582 1848 nihilo
641 1785 840 1849 minus
896 1786 1150 1868 dignum
1207 1806 1359 1861 esse,
1407 1788 1504 1850 cui
1549 1786 1735 1850 fidem
1782 1787 2136 1867 habeamnS‚
2182 1785 2326 1868 quia
2370 1785 2580 1848 videa—

390 1907 492 1968 tur
547 1905 735 1969 fuisse
792 1907 1111 1988 scriptoris
1167 1926 1284 1972 non
1329 1907 1829 1991 imprudent532).
1916 1907 2003 1972 Ut
2046 1906 2383 1989 Philippio,
2430 1906 2587 1970 mihi

391 2027 631 2091 videtur
677 2029 940 2111 scriptor
986 2027 1116 2108 ille,
1161 2029 1529 2112 quicumque
1575 2030 1713 2102 fuit,
1760 2026 2036 2110 locuples
2082 2027 2261 2091 testis
2308 2027 2581 2110 antiqui·

393 2150 542 2213 tatis
591 2150 817 2234 esse⁴).

565 2272 735 2336 Duae
783 2272 960 2336 huius
1007 2272 1127 2336 loci
1171 2273 1379 2355 partes
1425 2272 1655 2336 secerni
1704 2274 1980 2355 possunt.
2055 2270 2433 2335 Laudatores
2472 2271 2583 2336 So·

393 2393 550 2456 lonis
594 2393 656 2456 in
704 2394 904 2475 priore
949 2397 1124 2476 parte
1171 2394 1526 2458 adferuntur
1567 2431 1651 2440 -
1695 2393 1731 2476 ξ
1778 2396 1816 2456 2
1862 2391 2135 2456 Σόλωνα
2190 2389 2248 2455 δ’
2250 2393 2416 2456 ἔνιοι
2461 2392 2583 2473 μὲν

391 2511 644 2577 οἴονται
689 2498 1002 2594 γενέσθαί
1045 2518 1420 2600 νομοθέτην
1466 2516 1833 2580 σπουδαῖον
1865 2537 1979 2590 --;
2029 2515 2245 2578 deinde
2278 2515 2586 2579 obtrecta-

392 2641 558 2700 tores
601 2673 684 2682 -
730 2637 766 2718 g
813 2638 851 2700 3
895 2633 1002 2699 διὸ
1049 2635 1158 2699 καὶ
1201 2639 1582 2718 μέμφονταί
1628 2658 1797 2710 τινες
1840 2674 1943 2701 -.
2013 2637 2149 2701 Illis
2189 2638 2345 2701 nihil
2389 2638 2583 2720 scrip-

393 2759 490 2820 tor
539 2745 744 2821 no‘ster
790 2761 1002 2822 contra
1058 2759 1228 2833 dicit,
1287 2759 1729 2824 obtrectatores
1775 2763 1981 2824 autem
2028 2758 2257 2824 refellit
2306 2798 2385 2805 —
2432 2761 2587 2842 φαί-

390 2899 570 2941 νεται
614 2877 686 2942 δὲ
734 2873 835 2942 οὗ·
861 2877 1022 2942 κατὰ
1065 2877 1183 2965 τὴν
1227 2878 1531 2953 Σόλωνος
1577 2884 1888 2960 γενέσθαι
1934 2882 2127 2944 τοῦτο
2174 2883 2583 2963 προαίρεσιν,

390 2995 554 3062 dm&
597 2999 844 3076 μᾶλλον
887 2995 1024 3064 α’πό
1072 2999 1553 3081 συμπτώματος
1598 3039 1699 3067 -.
1779 3005 1850 3067 In
1892 3008 2149 3086 utraque
2180 2993 2354 3087 purte
2388 3005 2582 3086 scrip-

391 3127 509 3191 tor,
576 3125 716 3204 post
773 3121 1030 3186 aliorum
1090 3124 1455 3187 sententiam
1512 3125 1901 3208 explicatam,
1950 3145 2121 3190 suam
2168 3127 2455 3209 proponit
2500 3161 2583 3171 ——-

389 3244 424 3326 ξ
485 3249 522 3304 2
577 3243 751 3306 ἔοικε
809 3241 880 3307 δὲ
932 3242 1184 3322 Σόλων,
1231 3245 1267 3328 ξ
1314 3245 1352 3308 3
1401 3247 1707 3328 φαίνεται
1751 3244 1822 3310 δὲ
1869 3245 1949 3310 οὔ
1994 3244 2154 3311 κατὰ
2198 3245 2319 3334 τὴν
2356 3246 2578 3310 Σόλω-

388 3387 496 3437 νος
541 3393 598 3430 κ.
643 3386 697 3426 τ.
742 3362 797 3427 λ.
848 3403 931 3412 -
977 3363 1166 3446 Quae,
1211 3368 1490 3449 quamvis
1538 3367 1620 3431 sit
1672 3369 1940 3432 modeste
1985 3369 2322 3451 proposita,
2370 3371 2577 3432 tamen

566 3557 623 3622 l)
660 3556 740 3611 De
783 3557 870 3611 Ar.
909 3559 965 3609 et
1001 3556 1136 3626 Eph.
1173 3574 1224 3626 p.
1263 3557 1312 3619 6,
1350 3573 1398 3608 n.
1439 3557 1508 3608 14

571 3645 629 3710 2)
664 3643 766 3698 Die
803 3643 959 3700 Stadt
995 3644 1172 3698 Athen
1207 3644 1282 3698 im
1317 3644 1444 3710 Alt„
1482 3663 1533 3714 p.
1570 3645 1691 3700 4⁷8.

567 3733 626 3797 3)
663 3733 753 3786 Ar.
791 3749 838 3785 u.
877 3731 1010 3802 Eph.
1049 3749 1098 3801 p.
1138 3733 1256 3794 205,
1296 3733 1398 3786 275
1437 3750 1514 3802 sq.

567 3821 628 3884 4)
664 3819 763 3872 Est
799 3819 890 3874 ille
924 3820 1070 3874 locus
1107 3819 1378 3884 eiusmodi,
1429 3823 1519 3890 qui
1566 3820 1839 3873 doctorum
1896 3821 2128 3873 virorum
2174 3821 2375 3874 animos
2422 3821 2479 3874 in
2525 3837 2579 3874 se

391 3910 680 3961 convertat.
753 3905 888 3960 Nam
917 3915 1060 3960 'curn
1117 3908 1316 3961 multae
1370 3908 1506 3962 aliae
1555 3908 1906 3976 quaestiones,
1952 3924 2087 3976 quae
2123 3912 2191 3962 ad
2228 3908 2579 3977 antiquitates

392 3995 524 4048 iuris
558 3994 755 4064 publici
791 3995 1193 4049 Atheniensium
1229 3997 1512 4065 pertinent,
1549 3997 1649 4050 hoc
1686 3996 1798 4049 loco
1847 3996 2199 4064 attinguntur,
2239 3999 2355 4050 tum
2378 3995 2457 4049 -ab
2494 3995 2577 4058 iis,

392 4083 483 4152 qui
519 4082 584 4136 de
621 4082 912 4136 heliasticis
946 4083 1158 4137 iudiciis
1203 4083 1358 4137 multi
1404 4083 1823 4152 disputaverunt,
1880 4083 2088 4152 saepius
2142 4087 2581 4137 commemoratus

389 4174 489 4224 est.
561 4169 696 4224 Vide
733 4169 967 4224 Schoem.
1007 4170 1147 4226 Verf.
1187 4169 1373 4224 Gesch.
1420 4188 1472 4240 p.
1513 4171 1604 4233 34;
1644 4169 1807 4233 Saev„
1846 4170 1925 4224 De
1969 4172 2240 4240 Areopago
2278 4174 2335 4224 et
2370 4169 2583 4224 iudiciis

388 4257 696 4322 heliastici8‚
734 4257 864 4328 UpS.
902 4258 1058 4320 1862,
1095 4277 1146 4328 p.
1190 4259 1256 4310 22
1295 4275 1396 4328 sq.;
1438 4257 1676 4328 Philippi
1714 4258 1749 4310 1.
1790 4257 1827 4311 1.
1868 4275 1919 4327 p.
1958 4259 2060 4310 275
2099 4275 2173 4326 sq.
