3242 5042
737 485 820 542 64

817 637 904 700 Ex
963 638 1064 719 iis,
1123 656 1277 720 quae
1337 655 1518 720 supra
1577 638 1865 714 diximu8‚
1912 637 2307 701 manifestum
2356 639 2451 702 est
2498 639 2683 703 verba
2726 638 2843 702 ἐπὶ

641 764 929 838 σφαγαῖς
973 758 1049 822 ad
1097 776 1220 834 eos,
1282 759 1383 840 qui
1449 757 1749 841 Cyloneos
1798 759 2169 834 occiderunt,
2219 760 2537 823 referenda
2582 779 2713 824 esse
2762 798 2843 807 —-

643 877 716 940 οἱ
753 876 825 942 δὲ
871 877 1180 962 (Cylonei)
1224 885 1363 950 τοῖς
1403 882 1652 962 βωμοῖς
1684 877 2183 964 προσφυγόντες
2212 875 2839 966 ἀπεσφάγησαν,

642 999 810 1063 Plut.
859 999 990 1064 Sol.
1037 1019 1169 1083 cap.
1226 1002 1333 1076 123

813 1118 930 1183 ἐπὶ
975 1121 1329 1204 ’τυραννίδι
1396 1121 1472 1186 ad
1541 1120 1844 1205 Cyloneos
1898 1159 1981 1168 —
2038 1121 2352 1205 κατέλαβε
2416 1120 2668 1207 (Cylon)
2722 1122 2843 1209 τὴν

640 1234 1042 1324 Ἀκρόπολιν
1089 1239 1172 1314 ὥς
1215 1239 1332 1306 ἐπὶ
1377 1243 1831 1326 τυραννίδι,
1878 1243 2077 1307 Thuo.
2128 1245 2181 1315 1,
2234 1245 2383 1314 1262

815 1359 932 1424 ἐπὶ
989 1361 1178 1446 φόνῳ
1247 1362 1322 1426 ad
1385 1363 1561 1446 ahoe,
1620 1365 1727 1447 qui
1780 1363 1983 1429 caedis
2042 1365 2319 1429 damnati
2364 1370 2537 1429 eraut
2583 1404 2667 1412 -—
2710 1367 2836 1431 for-

639 1490 800 1547 tasse
848 1485 1007 1548 inter
1055 1503 1158 1548 eos
1203 1505 1359 1548 unus
1405 1489 1468 1548 et
1513 1485 1673 1549 alter
1721 1485 1984 1561 fuerunt,
2034 1487 2139 1568 qui
2186 1485 2396 1550 caedis
2441 1486 2502 1550 in
2542 1485 2842 1570 Cyloneos

639 1604 837 1668 factae
883 1606 1218 1688 participes
1263 1605 1526 1670 fuerant.

809 1726 1438 1791 Animadvertendum
1508 1732 1602 1793 est
1670 1748 1862 1813 neque
1916 1728 2035 1792 tria
2092 1728 2205 1792 illa
2260 1747 2485 1812 genera
2538 1729 2837 1794 scelerum

637 1860 832 1930 neque
901 1847 1228 1912 dieasteria
1296 1849 1416 1913 tria
1492 1847 1657 1913 inter
1720 1869 1785 1912 se
1852 1850 1988 1932 pari
2060 1850 2239 1914 modo
2299 1850 2624 1914 coniuncta
2685 1869 2837 1914 esse.

547 1985 550 1988 ’
637 1967 798 2031 Nam
855 1969 974 2032 duo
1030 1969 1142 2032 illa
1198 1966 1316 2032 ἐπὶ
1369 1973 1555 2052 φόνῳ
1603 1973 1666 2034 et
1709 1967 1827 2032 ἐπὶ
1873 1977 2237 2053 σφαγαῖσιν
2282 1971 2456 2054 quasi
2503 1971 2697 2035 artius
2742 1989 2839 2034 co-

638 2109 793 2153 nexa
841 2090 1047 2154 verbis
1094 2087 1212 2154 ἐπὶ
1253 2091 1592 2174 τυραννίδι
1640 2097 2052 2174 opponuntur.
2142 2091 2423 2176 Itemque
2470 2083 2621 2155 ὅσοι
2652 2092 2837 2156 tertio

636 2209 798 2284 loco,
855 2213 996 2274 ante
1052 2209 1126 2273 ἐκ
1181 2212 1604 2295 πρυτανείου,
1666 2232 1780 2277 non
1826 2213 2146 2296 repetitur.
2241 2213 2378 2292 Qua
2423 2213 2497 2277 de
2545 2233 2611 2277 re
2656 2232 2837 2297 appa-

637 2335 732 2394 ret
778 2331 935 2414 legis
983 2333 1168 2397 verba
1213 2335 1301 2396 ita
1345 2333 1542 2416 premi
1591 2353 1707 2397 non
1755 2353 1954 2416 posse,
2002 2338 2071 2397 ut
2116 2337 2405 2417 putemus
2451 2334 2571 2398 tria
2612 2333 2836 2399 facino-

635 2471 771 2516 rum
822 2471 1046 2535 genera
1093 2472 1202 2517 suo
1247 2455 1517 2537 quidque
1564 2455 1892 2519 dieasterio
1939 2455 2308 2537 respondere
2341 2455 2415 2538 ¹).

813 2571 932 2638 Sed
979 2574 1055 2638 ad
1101 2574 1224 2638 tria
1271 2574 1380 2638 illa
1425 2575 1755 2640 dieasteria
1796 2577 2202 2640 transeamus,

810 2693 1170 2777 Areopagus
1217 2696 1306 2760 ita
1351 2713 1492 2759 oum
1537 2695 1776 2780 ephetis
1823 2700 1885 2760 et
1929 2697 2234 2780 Prytaneo
2270 2697 2633 2761 coniunctus
2669 2714 2836 2760 oom-

640 2818 1032 2893 memoratur,
1089 2818 1160 2878 ut
1211 2813 1426 2898 colligi
1471 2815 1667 2898 possit
1712 2835 1906 2899 neque
1950 2819 2341 2900 Areopagum
2392 2837 2585 2901 neque
2632 2821 2837 2882 cetera

637 2937 758 3001 duo
804 2937 1032 3002 iudicia
1085 2939 1255 3002 extra
1311 2937 1612 3010 ordinem,
1641 2937 2028 3015 iudicavisse,
2098 2938 2203 3002 sed
2262 2939 2465 3002 omnia
2511 2938 2832 3002 sollemnia

638 3057 846 3122 fuisse.
937 3057 1100 3126 Nam
1159 3059 1214 3122 si
1269 3059 1452 3123 aliter
1507 3078 1571 3122 se
1629 3077 1725 3122 res
1779 3058 2057 3142 haberet,
2106 3059 2257 3123 mihi
2306 3057 2547 3124 videtur
2590 3077 2835 3124 necesse

639 3177 831 3241 fuisse
875 3176 997 3241 alio
1040 3178 1304 3261 quodam
1353 3178 1532 3243 modo
1580 3197 1791 3243 eorum
1836 3180 2209 3245 mentionem
2240 3181 2393 3246 fieri.
2450 3177 2617 3258 Quae
2648 3197 2835 3244 causa

638 3300 714 3362 ad
762 3318 916 3374 eam,
984 3317 1169 3381 quam
1215 3316 1398 3380 supra
1444 3297 1650 3380 attuli,
1718 3300 1975 3382 aceedit,
2044 3319 2153 3364 cur
2197 3302 2497 3383 denegem
2544 3298 2831 3364 Solonem
2873 3291 2882 3299 ’

635 3420 776 3501 lege
832 3439 941 3483 sua
995 3417 1466 3482 Alcmaeonidas
1512 3418 1906 3501 spectavisse.
1967 3420 2479 3505 *Areopagum
2526 3421 2721 3503 igitur
2770 3423 2832 3484 et

636 3559 668 3602 e
684 3540 945 3622 phetas
990 3538 1150 3620 legis
1197 3539 1376 3602 credo
1423 3538 1498 3602 ad
1547 3536 1759 3620 φόνον
1804 3543 1866 3602 et
1910 3535 2171 3620 σφαγὰς
2213 3541 2521 3622 pertinere
2541 3540 2612 3623 ¹).

631 3764 800 3818 Arist.
839 3762 1210 3833 Pseud-epigr.
1248 3781 1297 3834 p.
1336 3764 1466 3828 4153
1528 3763 1588 3817 R.
1632 3763 1805 3826 Prin,
1849 3763 1931 3818 De
1972 3763 2115 3818 Plut.
2154 3763 2359 3818 Solonis
2394 3763 2646 3828 fontibuS,
2686 3765 2826 3820 Dies.

633 3851 784 3905 Bonn
823 3851 1006 3918 1867).
1054 3879 1114 3889 --
1163 3849 1256 3904 cfr
1291 3851 1451 3906 etiam
1497 3851 1547 3907 J.
1592 3851 1847 3921 Droyseu,
1886 3852 1967 3906 De
2003 3851 2378 3922 Demophanti‚
2415 3852 2739 3908 Patroclidis
2776 3860 2833 3907 et

633 3939 900 3994 Tisameni
961 3939 1294 4009 populiscitis
1349 3939 1520 3994 Berol.
1573 3939 1726 3994 1873.
1788 3969 1849 3978 -
1896 3939 2261 4006 Wachsmuth,
2298 3940 2397 3994 Die
2434 3939 2594 3995 Stadt
2631 3938 2833 4004 Athen,

633 4044 694 4097 p.
735 4027 802 4080 47
808 4027 858 4080 9.

816 4133 868 4220 1¹)
903 4130 1085 4203 Lang„
1126 4131 1279 4196 1874,
1319 4150 1371 4203 p.
1403 4133 1474 4186 46
1509 4149 1584 4204 sq.
1627 4163 1691 4176 --
1724 4133 1881 4196 Phil„
1923 4131 2075 4195 1874,
2113 4150 2163 4203 p.
2202 4132 2307 4186 217
2346 4149 2422 4202 sq.
