3242 5042
779 473 860 530 70

855 624 1028 703 Quod
1077 627 1282 690 autem
1326 625 1614 706 diximuS,
1662 643 1798 688 cum
1834 644 2035 687 rerum
2074 625 2293 690 natura
2328 634 2509 711 atque
2544 645 2870 709 progressu

689 747 844 812 hanc
899 748 1266 813 sententiam
1329 748 1590 812 maxime
1637 741 2105 812 consentaneam
2155 768 2309 825 esse,
2354 748 2415 813 id
2468 749 2644 814 facile
2689 750 2868 814 intel·

685 871 938 953 legitur.

853 993 1011 1057 Nam
1063 993 1187 1056 veri
1219 992 1606 1056 simillimum
1644 991 1965 1073 videturl)
2015 993 2460 1076 antiquissimis
2491 995 2869 1078 temporibus

686 1115 1143 1198 eupatridarum
1194 1114 1500 1198 principes
1547 1113 1871 1178 consilium
1920 1114 2155 1195 regium
2204 1115 2390 1179 fuisse
2436 1135 2656 1199 eosque
2688 1117 2867 1199 ephe-

685 1241 778 1302 tas
847 1237 1191 1321 appellatos
1259 1257 1392 1300 esse
1435 1273 1518 1284 —
1567 1237 1661 1300 vis
1716 1235 1878 1299 enim
1935 1235 2116 1301 huius
2176 1237 2347 1300 verbi
2392 1238 2635 1302 videtur
2682 1237 2868 1303 fuisse

691 1359 953 1424 »civium
1000 1359 1458 1442 eupatridarum
1507 1357 1837 1442 p1·aefecti”
1856 1359 1947 1442 2);
1998 1377 2068 1422 ex
2101 1378 2307 1424 eorum
2346 1379 2595 1424 numero
2628 1362 2868 1438 deinde,

853 1583 934 1638 Ob
971 1599 1084 1639 eam
1123 1598 1234 1636 rem
1268 1581 1530 1651 Langium
1563 1597 1666 1634 non
1704 1581 1984 1652 sequimur,
2040 1599 2157 1637 cum
2196 1584 2299 1638 iam
2336 1599 2474 1638 anno
2508 1584 2613 1638 683
2646 1585 2869 1646 eundern

680 1672 990 1742 ophetarum
1047 1688 1322 1724 numerum
1375 1671 1537 1724 fuisse
1583 1673 1765 1724 censet
1808 1670 2033 1740 indeque
2089 1671 2435 1742 proficiscitur
2481 1671 2549 1726 ad
2594 1687 2863 1727 numerum
2938 1720 2947 1728 .

682 1759 1152 1833 interpretandum.
1228 1757 1554 1829 Quamquam
1591 1759 1765 1812 minus
1801 1760 2052 1813 arcessita
2086 1776 2149 1814 ea
2184 1759 2394 1830 quidem
2434 1761 2697 1815 sententia
2722 1761 2868 1815 vide-

682 1851 785 1914 tur,
824 1864 978 1917 quam
1017 1863 1134 1901 curn
1177 1847 1246 1900 ad
1283 1845 1633 1917 quadraginta
1668 1850 1787 1900 octo
1825 1846 2111 1914 (duodenos
2148 1864 2177 1900 e
2214 1847 2438 1917 singulis
2474 1845 2694 1915 φυλαῖς)
2730 1849 2867 1901 viros

681 1938 1084 2001 Schoemnnnm,
1123 1939 1184 1990 ut
1219 1952 1490 1990 numerum
1530 1935 1753 2005 expleat,
1793 1938 1902 1990 tres
1938 1935 2102 1990 adicit
2138 1933 2421 2006 ἐξηγητάς.
2696 1919 2721 1928 “

849 2025 974 2080 Veri
1008 2025 1334 2078 simillimum
1371 2024 1504 2077 mihi
1541 2023 1752 2078 videtur
1785 2039 2058 2078 numerum
2095 2024 2404 2094 ephetarum
2430 2025 2723 2094 antiquitus
2741 2041 2865 2094 quo-

681 2113 800 2167 dam
839 2113 993 2167 modo
1030 2112 1096 2166 ad
1133 2113 1487 2183 phratriarnm
1524 2128 1795 2165 numerum
1834 2111 2107 2165 definitum
2144 2111 2325 2174 fuisse,
2365 2116 2477 2166 sive
2514 2112 2686 2182 plures
2712 2129 2740 2164 e
2766 2112 2867 2165 sin-

678 2202 818 2271 gulis
855 2202 1107 2272 phratriis
1143 2200 1478 2270 eligerentur,
1517 2199 1627 2253 sive
1664 2199 1875 2270 singuli,
1912 2203 1974 2253 ut
2010 2199 2531 2254 Hammarstrandius
2560 2199 2627 2254 de
2646 2201 2863 2269 antiquo

589 2347 594 2353 ,
682 2292 869 2343 senatu
907 2291 1087 2343 censet
1112 2294 1186 2355 (v.
1217 2304 1374 2358 supra
1403 2306 1454 2358 p.
1481 2287 1574 2356 39)
1599 2287 1852 2357 itemque,
1882 2287 2020 2357 quod
2040 2286 2107 2341 ad
2126 2287 2433 2356 ophetarum
2459 2303 2728 2342 numerum
2748 2291 2870 2342 ante

680 2394 874 2432 annum
909 2377 1014 2430 683
1050 2377 1263 2442 attinet,
1318 2375 1568 2446 LangiuS,
1616 2376 1709 2445 qui
1754 2375 2025 2430 duodecim
2065 2376 2173 2430 illis
2214 2407 2278 2416 —
2314 2391 2429 2429 cum
2470 2376 2663 2445 singuli
2700 2394 2730 2428 e
2768 2377 2870 2430 sin-

679 2465 820 2536 gulis
854 2466 1110 2536 phratriis
1147 2465 1469 2536 eligerentur
1512 2495 1573 2503 -
1611 2466 1863 2532 quattuor
1900 2479 2105 2532 quoque
2135 2461 2521 2534 φυλοβασιλεῒς
2546 2463 2869 2518 adnumerat.

682 2554 805 2622 (Die
842 2554 979 2624 Eph.
1017 2571 1064 2607 u.
1103 2553 1196 2608 der
1231 2553 1340 2614 Ar..
1367 2571 1422 2620 p.
1442 2553 1553 2619 23).
1609 2551 1854 2606 Fortasse
1876 2551 2063 2606 deinde
2088 2568 2333 2605 numerus
2358 2568 2535 2606 eorum
2562 2550 2865 2622 augebatur,

681 2643 857 2696 nescio
895 2659 960 2695 an
998 2639 1307 2711 urgentibus
1344 2640 1533 2694 ceteris
1570 2638 1860 2706 ordinibus,
1896 2640 2106 2710 georgis
2142 2642 2199 2693 et
2235 2638 2537 2709 demiurgiS,
2575 2639 2666 2708 qui
2702 2639 2866 2694 etiam

680 2730 735 2785 id
789 2730 1050 2784 seditione
1105 2729 1372 2783 consecuti
1420 2731 1557 2790 sunt,
1608 2730 1671 2781 ut
1706 2727 2017 2781 archontum
2057 2727 2285 2797 quinque
2324 2744 2383 2781 ex
2421 2728 2487 2780 iis
2524 2727 2862 2798 eligerentur.

681 2819 891 2882 Postea,
927 2834 1044 2871 cum
1083 2816 1383 2871 Clisthenes
1420 2815 1590 2869 tribus
1628 2815 1809 2870 decem
1846 2815 2185 2878 instituisset,
2224 2815 2410 2885 quinos
2446 2831 2475 2869 e
2512 2815 2733 2881 singulis
2769 2816 2863 2869 tri·

679 2908 850 2961 bubus
899 2907 1097 2960 electos
1133 2921 1246 2960 esse
1282 2906 1528 2972 arbitror,
1563 2919 1828 2973 unumque
1866 2902 2105 2956 additum
2144 2919 2257 2957 esse
2292 2902 2360 2956 ad
2393 2903 2648 2973 imparem
2684 2919 2866 2957 nume·

682 3013 795 3048 rum
833 2993 1166 3048 efficiendum
1203 2993 1306 3062 (cfr
1341 2993 1538 3047 iudicia
1573 2992 1893 3053 heliastica).
1946 2990 2171 3044 Mueller
2205 2990 2345 3044 idem
2382 2994 2575 3053 censet,
2602 2990 2695 3045 sed
2719 2991 2867 3060 quin·

680 3083 1042 3154 quagesimum
1078 3083 1304 3153 primum
1341 3083 1440 3132 τὸν
1478 3077 1721 3150 ἄρχοντα
1756 3077 1991 3148 βασιλέα
2026 3079 2187 3132 fuisse
2222 3079 2529 3133 arbitratur.

862 3189 917 3253 1)
971 3187 1202 3258 Langius
1239 3189 1275 3240 1.
1311 3187 1347 3240 1.
1384 3205 1435 3257 p.
1471 3187 1542 3239 24
1559 3187 1704 3239 --31.

857 3294 916 3358 2)
971 3295 1118 3348 Gum-
1155 3309 1366 3348 munere
1415 3300 1472 3346 et
1517 3291 1780 3360 dignitate
1818 3290 2128 3360 ephetarum
2166 3305 2322 3358 quam
2360 3289 2581 3342 maxime
2619 3289 2864 3358 congruit

678 3381 1052 3452 interpretatio
1107 3382 1222 3451 ipsa
1279 3380 1519 3442 nominiS‚
1577 3396 1734 3448 quam
1783 3378 2018 3448 Langius
2055 3377 2299 3448 praebuit
2340 3407 2399 3416 —
2444 3376 2519 3429 De
2556 3376 2863 3446 ephetarum

679 3469 1082 3524 Atheniensium
1131 3468 1340 3522 nomine
1388 3467 1783 3534 commentatiO,
1820 3466 1964 3536 Lips.
2006 3466 2159 3518 1873.
2197 3494 2263 3503 —
2302 3463 2529 3518 Verbum
2567 3464 2707 3517 enim
2744 3462 2869 3530 ἔτης

682 3571 745 3612 ex
778 3574 841 3611 eo
877 3557 1047 3619 mode,
1085 3573 1188 3626 quo
1226 3555 1366 3625 apud
1401 3555 1688 3608 Homerum
1726 3555 1825 3609 hoc
1860 3553 2165 3608 vocabulum
2205 3555 2511 3622 usurpatum
2548 3552 2785 3605 videmus
2814 3555 2871 3606 et

680 3645 737 3699 in
784 3645 1123 3714 inscriptione
1161 3645 1385 3714 quadam
1422 3643 1550 3698 Elea
1587 3643 1667 3710 (C.
1706 3643 1746 3696 I.
1784 3641 1812 3694 I
1848 3661 1899 3712 p.
1937 3643 2032 3708 30)
2069 3645 2126 3696 et
2159 3641 2213 3694 in
2250 3640 2431 3694 tabula
2466 3639 2689 3694 foederis
2725 3641 2871 3708 pacis

681 3750 714 3787 a
749 3733 1054 3804 Thucydide
1093 3736 1141 3798 5,
1181 3733 1248 3786 79
1285 3733 1464 3797 allata,
1502 3731 1768 3786 concludit
1792 3731 1961 3800 primo
1986 3733 2298 3799 cognatos
2324 3729 2661 3799 significasse,
2680 3729 2869 3782 deinde

681 3823 862 3876 cives
899 3822 1146 3892 optimo
1185 3824 1350 3886 iure,
1399 3820 1814 3890 eupatridaS.
1876 3815 2055 3885 ’Ἑτην
2091 3819 2252 3872 etiam
2289 3817 2427 3888 apud
2463 3816 2671 3870 Atticos
2695 3818 2747 3870 in
2774 3833 2871 3870 usu

681 3912 843 3965 fuisse
881 3909 1039 3964 verba
1079 3900 1122 3960 ὦ
1153 3907 1277 3961 ’τᾶν
1315 3908 1476 3978 (quod
1513 3908 1687 3978 Apoll.
1726 3908 1881 3976 Dysc.
1920 3913 2099 3960 censet
2136 3905 2356 3958 vocativ.
2394 3904 2539 3958 verbi
2578 3903 2707 3956 ἐτᾶν
2742 3921 2870 3969 esse,

682 3999 759 4054 cfr
793 3997 1072 4069 μεγιστᾶν,
1114 3995 1290 4062 ξυνᾶν,
1327 3997 1476 4060 νεᾶν)
1515 4001 1571 4051 et
1609 3995 1831 4066 ἑταιρία
1869 4010 2087 4063 arguere
2112 3994 2397 4047 existimat.
2452 3991 2703 4047 Radicem
2723 3991 2868 4046 verbi

683 4104 796 4144 esse
835 4091 964 4149 σΙῐε,
1006 4086 1063 4155 ἐς
1111 4087 1407 4155 antiquitus
1443 4085 1572 4154 ἔτην
1606 4085 1927 4154 appellatum
1967 4099 2080 4137 esse
2118 4084 2345 4148 σΓέτην,
2386 4083 2577 4146 Γέτην,
2614 4081 2755 4134 idem
2791 4085 2871 4134 at·-

683 4193 784 4244 que
841 4193 1023 4240 suuS,
1080 4175 1258 4242 itaque
1313 4171 1515 4241 ἕφέτης
1561 4173 1959 4242 pronuntiatum
1995 4188 2122 4233 esse,
2163 4187 2265 4224 non
2304 4171 2519 4235 ἐπέτης.
2561 4199 2626 4208 -
2667 4167 2867 4237 ἐφέτας
2955 4163 2965 4172 ’

680 4266 846 4336 igitur
881 4280 993 4320 esse
1031 4263 1224 4318 statuit
1257 4263 1384 4316 τοὺς
1421 4259 1513 4313 ἐπὶ
1549 4264 1671 4314 τοῖς
1708 4260 1856 4316 ἕταις
1894 4255 2075 4321 ὄντας,
2114 4258 2405 4334 praefectos
2443 4261 2728 4322 netarum»,
2768 4257 2872 4311 ci·
