3242 5042
2434 440 2469 495 7

548 581 886 647 Draconem
951 583 1270 648 existimat
1336 584 1605 668 Argivos
1670 586 1964 664 reiecisse,
2023 586 2096 649 ut
2153 586 2561 654 Athenienses

356 702 575 767 *solum
617 701 1071 787 quinquaginta
1116 723 1276 769 unus
1319 706 1571 786 ephetae
1615 708 1839 772 essent.
1866 707 1907 788 ι)

547 818 831 886 Solonem
876 824 1081 888 censet
1127 824 1515 908 Areopagum
1561 826 1795 908 ephetis
1841 827 2256 892 ”adiunxisse”
2288 830 2351 893 et
2384 828 2563 893 ”ante

357 960 472 1006 reos,
518 941 885 1024 posuisse”2)
1168 1026 1175 1035 .

549 1062 638 1126 De
682 1063 1000 1147 Areopago
1045 1064 1254 1127 autem
1297 1063 1445 1145 quid
1492 1065 1724 1130 sentiat
1766 1068 1833 1132 in
1868 1087 1936 1134 eo
1964 1068 2124 1134 libro
2156 1067 2559 1143 demonstrat,

356 1185 480 1266 qui
525 1184 912 1268 ”Areopagus
957 1181 1086 1248 sive
1131 1182 1204 1247 de
1247 1185 1465 1249 senatu
1507 1183 1942 1271 Areopagitico
1985 1186 2144 1252 liber
2190 1185 2560 1270 singularis'⁷

359 1303 476 1387 (L.
525 1303 595 1368 Β.
645 1305 838 1383 1624)
883 1302 1222 1385 inscriptus
1263 1304 1378 1368 est.

547 1423 840 1490 Concedit
884 1424 1156 1489 diversas
1203 1424 1364 1506 apud
1408 1426 1643 1489 veteres
1686 1425 1877 1492 fuisse
1922 1427 2236 1510 opiniones
2279 1427 2352 1490 de
2396 1426 2559 1490 tem-

357 1563 516 1626 ·pore
566 1563 683 1626 quo
741 1543 1096 1627 Areopagus
1152 1543 1488 1609 institutus
1532 1545 1709 1610 esset.
1800 1543 1956 1610 Cum
2000 1546 2155 1612 alios
2202 1547 2337 1609 tum
2362 1542 2557 1608 'Cice-

373 1684 588 1731 ronem
656 1665 774 1747 (De
830 1663 1052 1729 officiis
1105 1664 1158 1746 Ι,
1215 1665 1324 1743 22)
1341 1665 1399 1747 ³)
1445 1667 1506 1729 et
1548 1664 1960 1730 Plutarchum
2014 1663 2159 1748 (Sol.
2202 1682 2329 1748 cap.
2386 1667 2493 1744 19)
2507 1666 2561 1744 ⁴)

359 1785 654 1850 auctores
682 1785 886 1854 adfert
917 1784 1223 1868 Areopagi
1255 1805 1292 1848 a
1324 1782 1542 1850 Solone
1572 1786 1919 1850 constituti.
1988 1783 2121 1852 Sibi
2153 1787 2275 1869 ipsi
2293 1790 2497 1850 autem
2515 1785 2557 1866 ⁸)

368 1916 732 1986 persuasum
788 1924 916 1970 esse
971 1905 1125 1970 dicit
1170 1903 1559 1988 Areopagum
1609 1905 1811 1970 multo
1855 1907 2001 1970 ante
2044 1903 2327 1971 Solonem
2374 1904 2563 1968 fuisse

360 2042 632 2113 eumque
675 2025 738 2088 et
783 2025 1086 2090 senatorio
1131 2025 1194 2089 et
1239 2024 1523 2091 iudiciali
1569 2044 1819 2090 munere
1866 2025 2153 2090 functum
2198 2043 2342 2088 esse.
2411 2021 2560 2105 Opi-

371 2144 580 2209 nionis
650 2163 793 2210 suae
857 2151 1224 2228 argumenta
1281 2146 1483 2211 adfert
1537 2149 1600 2210 et
1656 2145 1896 2211 Solonis
1952 2146 2153 2230 legem
2207 2145 2559 2221 oblivioniS,

362 2283 558 2346 quam
605 2264 765 2356 apud
812 2265 1221 2331 Plutarchum
1269 2267 1417 2350 (Sol.
1465 2285 1594 2350 cap.
1651 2269 1755 2346 19)
1802 2267 2173 2337 invenimus,
2221 2267 2284 2330 et
2317 2265 2561 2330 Aristo-

559 2491 610 2557 l)
667 2489 727 2542 L.
764 2490 800 2543 1.
837 2490 992 2559 paulo
1030 2490 1190 2544 infra:
1248 2491 1477 2546 »Postea
1514 2491 1711 2566 reiecto
1748 2491 2061 2561 Argivorum
2082 2507 2296 2545 numero
2318 2507 2378 2545 ex
2397 2492 2563 2546 Athe·

370 2577 640 2631 aiensibus
692 2579 971 2632 constituti
1024 2580 1407 2649 quinquaginta
1461 2597 1643 2633 unus».
1716 2580 1988 2634 Pollucem
2033 2580 2216 2634 laudat
2262 2579 2409 2643 VIII,
2463 2582 2562 2633 125

360 2669 445 2734 (v.
485 2665 620 2719 infra
655 2683 775 2736 pag.
815 2667 907 2732 10)
945 2671 1000 2721 et
1038 2668 1189 2723 Dem.
1225 2669 1281 2721 in
1319 2668 1671 2722 Macartatum
1709 2674 1782 2735 (v.
1821 2667 1959 2721 infra
1993 2685 2111 2739 pag.
2151 2667 2262 2735 19).

552 2754 606 2820 2)
663 2752 725 2808 L.
764 2755 796 2807 l.
836 2755 992 2823 paulo
1029 2754 1187 2808 infra:
1229 2755 1382 2808 »Mox
1417 2755 1572 2809 Solon
1609 2755 1851 2808 adiunxit
1886 2755 1969 2808 his
1998 2756 2396 2826 Areopagitas».
2437 2755 2559 2808 Pol-

365 2839 476 2892 luc.
518 2839 697 2894 laudat
734 2842 846 2895 loco
881 2843 1046 2895 citato
1084 2846 1139 2896 et
1176 2843 1536 2907 Plutarchum,
1575 2842 1779 2896 Solonis
1816 2843 1942 2896 vita.

552 2930 610 2992 3)
665 2929 798 2983 Vide
835 2930 974 2983 infra
1011 2947 1132 3000 pag.
1171 2932 1239 2983 53

549 3017 605 3083 4)
659 3017 792 3071 Vide
829 3017 966 3071 infra
1004 3035 1124 3088 pag.
1164 3019 1248 3071 54.

552 3107 610 3168 5)
665 3105 854 3174 Areop.
895 3122 1007 3175 cap.
1047 3107 1103 3159 3:
1164 3107 1296 3160 »Sed
1335 3107 1519 3161 horum
1557 3106 1862 3176 [Ciceroni8,
1900 3107 2147 3174 aliorum]
2186 3106 2361 3176 opinio
2398 3122 2459 3160 eo
2480 3105 2563 3161 ,fa-

363 3194 474 3246 cile
511 3192 790 3256 refutatur,
829 3193 968 3261 quod
1004 3195 1056 3246 in
1095 3195 1210 3264 lege
1248 3194 1473 3264 quadam
1509 3212 1601 3248 sua
1640 3196 1752 3264 ipse
1778 3195 1935 3249 Solon
1954 3195 2221 3264 Areopagi
2242 3195 2563 3248 mentionem

369 3281 513 3335 clare
549 3281 758 3334 faciat».
833 3280 1123 3345 Plutarchi,
1162 3283 1262 3336 Sol.
1308 3283 1388 3349 19,
1424 3283 1586 3337 verba
1623 3277 1800 3337 refert.
1840 3313 1902 3322 —
1950 3313 2005 3324 -
2042 3282 2391 3336 »Aristoteles
2425 3282 2563 3336 clare

373 3367 522 3430 dicit,
575 3384 692 3423 cum
737 3373 896 3423 antea
934 3370 1228 3434 exsisteret,
1267 3387 1370 3424 non
1408 3371 1675 3424 sublatum
1714 3369 2093 3441 [Areopagum]
2132 3387 2163 3423 a
2201 3368 2407 3424 Solone.
2480 3369 2566 3424 Ita

367 3455 517 3510 enim
575 3456 734 3511 verba
786 3456 998 3520 habent,
1057 3457 1265 3512 Politic.
1320 3457 1409 3511 lib.
1459 3458 1530 3519 Π,
1571 3475 1685 3528 cap.
1720 3458 1816 3512 X».
1910 3457 2080 3512 Verba
2116 3458 2277 3512 refert
2320 3462 2393 3524 (v.
2431 3458 2567 3512 infra

371 3561 496 3614 pag.
525 3545 616 3608 56)
656 3575 720 3584 -
759 3543 932 3610 »Quid
965 3560 1090 3615 ergo
1127 3550 1209 3601 est
1239 3562 1272 3599 a
1307 3545 1493 3600 Solone
1531 3546 1769 3600 factum?
1825 3545 2025 3615 Nempe
2062 3550 2263 3600 certum
2291 3551 2373 3600 eet
2395 3547 2561 3600 multo

362 3640 498 3685 ante
552 3633 664 3685 eius
724 3619 962 3702 tempora
1008 3632 1337 3702 Areopagum
1384 3636 1440 3687 et
1475 3635 1716 3688 senatum
1755 3634 2043 3696 exstitisse3
2091 3634 2194 3686 etsi
2228 3633 2375 3701 origo
2413 3633 2565 3702 plane

371 3719 600 3773 incerta:
648 3723 703 3774 et
735 3721 792 3773 iu
828 3727 944 3774 eum
984 3720 1296 3789 legebantur
1331 3721 1623 3790 promiscue
1660 3737 1857 3784 omneS,
1892 3723 2153 3790 quotquot
2188 3723 2389 3774 ceteros
2418 3720 2565 3774 nobi-

363 3807 545 3870 litate,
603 3807 938 3870 auctoritate,
985 3808 1250 3877 opibusve,
1297 3809 1703 3863 antecellerent:
1750 3809 1842 3862 sed
1886 3809 1933 3863 is
1971 3810 2180 3870 stat-uit,
2218 3812 2279 3861 ut
2315 3807 2563 3878 deinceps

363 3895 453 3948 illi
485 3898 693 3948 tantum
731 3895 1048 3964 legerentur,
1085 3896 1177 3964 qui
1213 3897 1524 3950 archontum
1562 3913 1773 3951 munere
1798 3895 1968 3951 functi
1994 3901 2218 3951 essent».
2260 3926 2320 3935 —
2368 3926 2420 3934 —
2462 3895 2565 3948 »Et

366 3987 496 4038 aute
543 3983 777 4053 Ephetas
823 3999 911 4036 eos
955 3985 1146 4054 posuit,
1193 3985 1284 4052 qui
1319 3983 1388 4038 ad
1423 3985 1478 4038 id
1515 3990 1723 4054 tempus
1759 4001 1973 4038 numero
2011 3985 2396 4054 quinquaginta
2433 3973 2565 4036 unus

366 4071 548 4125 caedis
583 4071 804 4126 alicuius
841 4087 955 4125 reos
993 4071 1133 4142 apud
1170 4073 1401 4140 quinque
1439 4073 1724 4128 tribunalia
1758 4072 2093 4127 iudicabant»
2134 4071 2363 4125 Pollucis
2407 4069 2565 4122 verba

372 4158 544 4227 (VIII,
603 4160 726 4226 125)
765 4157 940 4212 refert.
1013 4159 1202 4214 »Certe
1264 4157 1449 4213 Solone
1498 4160 1663 4214 multo
1718 4161 2069 4229 antiquiorem
2114 4159 2276 4212 fuisse
2314 4158 2399 4211 vel
2438 4155 2561 4210 inde

362 4250 597 4310 constat,
637 4246 777 4316 quod
809 4245 1096 4300 Pausanias
1135 4286 1146 4300 .
1186 4284 1203 4300 .
1240 4286 1253 4300 .
1292 4285 1306 4300 .
1344 4248 1453 4302 ait»
1493 4248 1741 4315 (Messen.
1779 4264 1891 4317 cap.
1931 4251 2009 4312 5).
