3242 5042
779 466 816 521 6

863 613 1213 680 Colacretas
1256 634 1491 697 quoque
1533 617 1598 680 et
1648 617 2040 693 nauc1·aros¹)
2088 651 2168 664 -
2218 636 2364 682 nam
2408 617 2483 683 de
2512 619 2609 682 his
2640 637 2877 704 quoque

689 736 1168 818 magistratibus
1220 736 1286 800 in
1341 736 1454 799 hac
1495 735 1915 818 disputatione
1958 739 2169 801 nostra
2214 737 2484 804 locuturi
2530 757 2743 805 sumus
2792 779 2867 788 -—

685 854 978 939 Sigonius
1022 859 1226 922 censet
1272 855 1471 941 regios
1516 855 1927 938 magistratus
1974 855 2179 922 fuisse.

861 1109 1236 1174 Meursius
1279 1113 1490 1176 autem
1537 1149 1620 1159 -
1664 1112 1771 1193 qui
1818 1131 1957 1190 non,
2004 1114 2075 1176 ut
2115 1109 2423 1196 SigoniuS,
2456 1118 2869 1199 antiquitates

687 1229 848 1293 iuris
917 1228 1150 1312 publici
1217 1229 1699 1296 Atheniensium
1768 1233 1839 1296 ut
1896 1232 1971 1298 ad
2028 1233 2335 1300 rationem
2380 1237 2706 1320 redigeret,
2754 1240 2874 1304 sibi

687 1351 1020 1431 proposuit,
1063 1335 1169 1414 ¹sed
1217 1351 1576 1416 testimonia
1621 1355 1899 1418 veterum
1944 1353 2314 1435 scriptorum
2344 1357 2423 1422 ad
2454 1357 2733 1442 singulas
2762 1381 2873 1425 an-

687 1471 1060 1552 tiquitatum
1118 1477 1323 1553 partes
1380 1473 1791 1538 illustrandas
1843 1491 2027 1554 quam
2070 1473 2551 1558 diligentissime
2594 1481 2873 1565 collegit,

685 1611 756 1656 ea
823 1610 976 1673 quae
1041 1593 1119 1656 ad
1185 1592 1436 1674 ephetas
1493 1591 1877 1676 pertinerent
1932 1593 1999 1656 in
2055 1613 2123 1658 eo
2168 1596 2484 1664 volumine
2528 1599 2875 1683 explicavit,

685 1711 846 1794 quod
892 1711 1255 1776 inscribitur
1291 1713 1682 1778 ”Atticarum
1712 1712 2051 1778 lectionum
2083 1714 2233 1779 libri
2266 1718 2386 1781 VP’
2413 1719 2631 1803 (Lugd.
2654 1720 2873 1786 Batav.

678 1835 907 1914 ,1617Q

861 1955 1135 2037 Ephetas
1197 1955 1350 2020 dicit
1406 1955 1857 2019 centumvirale
1912 1955 2219 2037 quoddam
2265 1957 2567 2023 iudicium
2611 1957 2875 2024 Atheni-

687 2076 926 2140 ensium
997 2076 1202 2152 fuisse,
1272 2096 1308 2140 a
1363 2095 1502 2158 rege
1560 2076 1984 2192 Demophonte
2038 2077 2427 2153 institutum,
2485 2079 2657 2161 eique
2712 2081 2875 2145 iudi-

686 2197 779 2260 cio
825 2215 1044 2262 nomen
1091 2197 1278 2261 fuisse
1324 2193 1482 2259 Ἐπὶ
1519 2194 1880 2279 παλλαδίῳ,

862 2335 931 2380 ex
988 2315 1472 2382 Atheniensibus
1524 2321 1583 2381 et
1638 2317 1893 2400 Argivis
1936 2317 2399 2401 quinquagenos
2443 2317 2673 2382 iudices
2718 2318 2873 2382 elec-

689 2440 785 2502 tos
830 2456 973 2502 esse.
990 2440 1043 2516 ²)

689 2628 862 2680 causis
899 2632 1009 2680 tam
1047 2626 1330 2694 diligenter
1365 2621 1701 2683 consuluisse,
1723 2623 1939 2690 reliquis
1965 2640 2107 2682 vero,
2134 2641 2265 2692 quae
2292 2639 2451 2693 prope
2478 2625 2717 2680 infinitae
2738 2630 2879 2686 sunt,

689 2717 746 2768 et
799 2713 1025 2783 publicis
1080 2719 1136 2766 et
1185 2712 1408 2782 privatis
1459 2710 1717 2779 judicium
1762 2710 1962 2764 nullum
2001 2711 2341 2780 comparare?
2414 2713 2599 2781 Itaque
2636 2717 2692 2766 et
2729 2713 2870 2766 Heli-

687 2819 837 2856 aeam
875 2807 929 2856 et
966 2797 1250 2871 Trigonum
1288 2804 1343 2854 et
1378 2799 1729 2868 Parabystum
1766 2803 1823 2852 et
1860 2799 2200 2869 Metychium,
2231 2817 2362 2869 quae
2384 2802 2594 2854 nomina
2611 2801 2873 2856 iudiciali·

690 2890 786 2944 bus
822 2890 952 2944 foris
988 2891 1216 2951 fuerunt,
1255 2906 1286 2942 a
1321 2888 1534 2956 regibus
1571 2887 1733 2941 fuisse
1770 2887 2034 2957 descripta
2070 2889 2245 2942 omnia
2284 2893 2461 2958 puto».
2500 2919 2565 2930 —
2605 2889 2877 2943 Gramma-

689 2979 825 3032 ticos
861 2977 1062 3031 laudat.
1135 2975 1494 3046 »Quamquam
1531 2992 1594 3028 ex
1631 2992 1807 3030 eorum
1846 2975 2351 3048 [grammaticorum]
2390 2977 2562 3031 verbis
2588 2994 2691 3031 non
2716 2994 2877 3046 appa·

689 3069 788 3128 ret,
826 3066 974 3134 regia
1009 3082 1072 3119 ne
1109 3066 1164 3119 in
1202 3082 1308 3134 rep.
1343 3083 1409 3119 an
1447 3070 1655 3118 tantum
1693 3065 1746 3118 in
1783 3064 2022 3133 populari
2058 3064 2255 3118 fuerint
2291 3065 2583 3129 celebrata;
2623 3081 2653 3118 a
2690 3065 2875 3118 Solone

688 3157 851 3218 certe,
890 3155 981 3224 qui
1016 3154 1164 3208 illam
1203 3171 1363 3223 remp.
1403 3152 1609 3223 legibus
1636 3156 1820 3222 postea
1847 3153 2181 3222 temperavit,
2217 3170 2323 3206 non
2353 3153 2595 3208 videntur
2612 3152 2875 3208 inducta».

869 3243 926 3308 1)
979 3243 1022 3306 Ι,
1059 3259 1173 3312 cap.
1210 3243 1270 3296 4:
1310 3260 1340 3295 1>
1363 3281 1378 3294 .
1405 3281 1418 3294 .
1447 3279 1458 3294 .
1495 3239 1633 3295 Nam
1672 3240 1735 3294 de
1774 3241 2149 3304 Quaestor-ibus
2182 3241 2370 3294 Pollux
2406 3245 2461 3293 et
2490 3241 2878 3310 Vesparumin-

689 3334 894 3399 terpres
947 3333 1112 3384 testes
1169 3331 1300 3384 satis
1345 3330 1519 3384 idonei
1555 3333 1695 3386 sunt.
1734 3329 1826 3397 qui
1864 3329 2110 3397 antiquos
2148 3329 2471 3397 publicarum
2512 3345 2879 3397 sacrarumque

691 3419 1028 3488 pecuniarum
1075 3418 1320 3472 custodes
1369 3417 1671 3471 Colacretas
1717 3417 1888 3469 dictos
1942 3416 2436 3485 prodiderunt»...
2476 3415 2721 3485 »Reliqui
2759 3432 2880 3471 vero

691 3506 800 3560 fere
851 3505 1104 3559 Naucrari
1152 3507 1470 3560 exstiterunt
1515 3506 1570 3558 in
1619 3503 1840 3572 singulis
1878 3503 2119 3556 tribubus
2156 3503 2399 3566 duodeni,
2440 3504 2493 3556 in
2531 3504 2752 3573 singulis
2789 3519 2877 3557 cu-

693 3593 787 3646 riis
850 3594 1108 3662 quaterni,
1163 3594 1252 3662 qui
1289 3597 1496 3662 praeter
1543 3595 1718 3645 cetera
1756 3607 1971 3643 munera
2008 3589 2207 3644 tributa
2244 3591 2450 3660 populis
2486 3590 2683 3644 Atticis
2718 3591 2881 3660 impo-

689 3682 797 3734 sita
833 3697 1114 3749 eorumque
1150 3681 1413 3749 impensas
1452 3678 1716 3748 suffragiis
1754 3677 2035 3731 subiecisse
2064 3678 2321 3730 feruntur.
2378 3677 2511 3730 Nam
2536 3693 2877 3746 unamquam-

690 3785 792 3837 que
829 3768 1170 3822 Naucrariam
1207 3769 1411 3838 equites
1446 3767 1574 3820 duos
1613 3769 1668 3819 et
1704 3782 1890 3818 navem
1926 3782 2083 3819 unam
2122 3765 2423 3834 praebuisse
2444 3769 2627 3818 auctor
2652 3770 2733 3819 est
2757 3765 2879 3818 Pol·

690 3856 804 3909 lux:
842 3857 1075 3925 itemque
1112 3855 1397 3925 Phylarchi
1433 3858 1701 3924 quattuor,
1739 3853 1843 3923 qui,
1881 3857 2021 3907 teste
2058 3852 2339 3917 Herod0t0‚
2379 3853 2601 3923 singulis
2638 3853 2878 3906 tribubus

694 3945 892 4014 singuli
931 3943 1314 4013 praefuerunt».

869 4034 924 4098 2)
983 4032 1257 4095 MeursiuS,
1304 4029 1468 4084 Attio.
1515 4031 1637 4084 lect.
1684 4029 1745 4092 V,
1798 4045 1909 4098 cap.
1946 4030 2005 4082 4:
2062 4029 2293 4083 »Notum
2331 4027 2553 4082 Athenis
2592 4029 2881 4083 centumvi-

692 4121 802 4176 rale
839 4120 1106 4180 iudicium,
1171 4124 1287 4172 Επὶ
1325 4114 1609 4185 παλλαδίῳ
1649 4116 1864 4171 dictum.
1936 4115 2065 4170 Eius
2102 4119 2249 4188 origo
2287 4117 2411 4170 talis
2448 4119 2885 4171 commemoratur

689 4208 758 4262 ab
795 4207 1258 4277 Harpocratione».
1315 4204 1563 4274 Harpocr.
1599 4203 1785 4258 laudat
1820 4221 1861 4256 s,
1886 4220 1933 4257 v.
1968 4201 2089 4256 Ἐπὶ
2125 4200 2432 4271 παλλαδίῳ.
2478 4203 2678 4271 (Etiam
2698 4203 2884 4257 Eusta-

691 4297 864 4350 thium
903 4296 1076 4349 adfert
1113 4299 1169 4349 et
1203 4292 1574 4363 Apostoiium).
1648 4290 1741 4346 cfr
1778 4307 1935 4360 supra
1969 4307 2089 4361 pag.
2128 4293 2177 4355 3,
2218 4308 2268 4344 n.
2312 4293 2356 4343 l.
