3242 5042
2384 473 2465 531 29

347 624 576 688 Pollux
617 623 1001 705 excerpserit,
1047 622 1379 686 diiudicari
1423 641 1548 685 non
1573 623 1801 704 potest.
1868 621 2307 704 Disputatione
2334 626 2547 688 autem

313 742 694 844 ‘Stoientini
737 763 950 808 censeo
991 763 1284 826 apparere
1333 742 1610 807 Pollucis
1660 745 1849 807 verba
1892 763 1999 826 per
2037 745 2275 809 multos
2318 745 2551 810 medios

351 868 682 948 scriptores
743 886 782 930 a
845 866 1260 930 Demosthene
1325 865 1496 947 (adv.
1553 865 1751 944 Mac.)
1816 867 2117 948 proficisci
2173 867 2545 949 potuisse,

349 988 498 1070 quia
543 988 892 1072 Didymum
931 989 1174 1052 constet
1215 987 1735 1051 commentarium
1772 987 1841 1051 in
1872 987 2347 1052 Demosthenem
2376 1006 2546 1052 com·

349 1111 638 1191 posuisse.
729 1109 932 1187 Quam
985 1110 1063 1173 ob
1116 1127 1248 1173 rem
1291 1109 1458 1172 nihil
1501 1108 1787 1190 impedit,
1831 1110 2165 1191 quominus
2206 1129 2544 1192 argumen-

350 1232 589 1295 tatione
631 1231 941 1312 Philippii
995 1249 1104 1294 nos
1145 1230 1550 1294 confiteamur
1601 1230 1949 1295 obstrictos.
2040 1229 2427 1294 Stoieutinus
2472 1249 2548 1295 ne

347 1353 536 1417 verbo
579 1353 830 1435 quidem
867 1355 1128 1416 conatur
1169 1351 1474 1434 explicare
1513 1353 1989 1434 congruentiam
2030 1352 2215 1416 illam
2259 1352 2544 1434 singula-

346 1494 475 1538 rem
521 1477 586 1538 et
627 1475 1004 1547 societatem,
1049 1492 1238 1555 quam
1281 1475 1448 1537 inter
1492 1473 1772 1538 Pollucis
1816 1474 2002 1538 verba
2032 1475 2099 1536 et
2128 1473 2330 1557 legem
2356 1473 2543 1538 illam

347 1596 478 1660 iam
543 1597 784 1678 saepius
847 1596 1398 1682 commemoratam
1463 1595 1837 1660 intercedere
1889 1595 2187 1659 vidimus
2276 1595 2545 1677 Ephetns

343 1719 576 1794 autem,
645 1720 719 1781 ut
783 1717 894 1800 qui
951 1718 1084 1782 sine
1135 1717 1326 1782 dubio
1380 1716 1744 1800 eupatridae
1800 1717 2056 1793 fuerint,
2104 1717 2305 1781 nihilo
2350 1717 2545 1780 setius

345 1857 411 1903 re
479 1858 626 1902 vera
689 1839 884 1903 fuisse
947 1834 1328 1924 ἀριστίνδην
1376 1839 1787 1922 αἱρεθέντας,
1852 1857 1965 1920 pro
2014 1840 2181 1902 certo
2222 1837 2550 1902 adfirmari

349 1962 568 2042 potest.
653 1957 830 2038 Quod
895 1963 1059 2024 recte
1123 1959 1281 2025 Stoi.
1343 1960 1656 2025 admonet.
1743 1961 1841 2024 Ad
1894 1961 2055 2024 hanc
2106 1961 2321 2024 autem
2364 1979 2544 2042 quae·

348 2083 616 2146 stionem
673 2083 1159 2165 uindicandam,
1219 2084 1437 2146 utrum
1491 2083 1771 2146 Pollucis
1814 2083 2001 2146 verba
2042 2058 2125 2146 ab'
2166 2082 2283 2147 1110
2324 2082 2547 2148 mondo

345 2204 618 2286 profecta
647 2204 779 2267 sint
810 2223 1016 2276 necne,
1047 2204 1515 2268 adnotationem
1543 2204 1725 2268 illam
1755 2203 1918 2267 nihil
1940 2203 2249 2286 pertinere
2268 2206 2542 2286 apparet.

519 2326 894 2390 Addendum
946 2344 1076 2390 esse
1127 2326 1379 2390 videtur
1436 2326 1761 2391 Pollucem
1802 2325 1903 2390 vel
1944 2327 2263 2390 auctorem
2306 2326 2441 2389 eius
2480 2328 2547 2390 et

343 2447 504 2512 alias
531 2447 868 2530 depravata
895 2448 1059 2530 apud
1091 2447 1569 2512 Demosthenem
1593 2447 1905 2530 scriptura
1924 2447 2114 2512 fuisse
2135 2447 2457 2530 deceptum
2472 2451 2544 2532 ¹).

521 2566 638 2634 Sed
685 2607 764 2616 —
811 2569 887 2632 ut
929 2569 1265 2651 aliquando
1317 2569 1395 2632 ad
1451 2569 1641 2633 finem
1694 2569 1884 2633 huius
1924 2569 2124 2650 partis
2167 2568 2545 2651 disputatio·-

347 2692 448 2755 nis
492 2697 736 2756 nost-me
779 2692 1101 2756 veniamus
1129 2729 1214 2740 -
1243 2711 1314 2756 ex
1341 2693 1440 2768 iis,
1471 2711 1629 2774 quae
1656 2692 1874 2774 attuli.
1896 2692 2053 2756 satis
2078 2696 2331 2775 apparet
2358 2693 2547 2757 verbs

347 2815 630 2878 Pollucis
679 2851 754 2861 —
802 2815 988 2896 VIII,
1039 2817 1160 2880 125
1207 2852 1290 2862 —·
1333 2809 1717 2900 ἀριστίνδην
1778 2815 2168 2895 αἱρεθέντας
2228 2835 2267 2879 a
2318 2815 2547 2880 vitiato

343 2937 530 3001 verbo
595 2936 872 3012 τούτοις,
943 2937 1106 3019 quod
1171 2938 1243 3001 in
1307 2937 1507 3020 legem
1570 2937 2342 3021 (Pseudo·)Demosthenis
2400 2937 2540 3001 adv.

343 3059 505 3124 Mac.
555 3097 638 3106 —
679 3079 737 3141 p.
787 3061 974 3136 1059,
1019 3061 1058 3143 ἓ
1103 3062 1184 3124 57
1231 3097 1314 3108 -
1359 3079 1423 3124 se
1465 3061 1916 3136 insinuaverat,
1958 3061 2233 3142 profecta
2274 3079 2419 3124 esse.

517 3180 628 3246 Sin
694 3183 907 3247 autem
971 3184 1154 3247 verba
1208 3179 1589 3268 ἀριστίνδην
1640 3182 2028 3264 αἱρεθέντας
2071 3182 2267 3246 talem
2310 3182 2541 3246 habent-

343 3305 673 3387 originem‚
739 3305 890 3386 quid
943 3305 1019 3368 de
1071 3307 1205 3370 toto
1259 3306 1586 3370 enuntiato
1640 3306 1901 3390 cogitari
1948 3307 2220 3387 oportet:
2266 3304 2539 3386 Δράκων

345 3421 642 3498 ὀάὕτούς
685 3429 1084 3512 κατέστησεν
1127 3422 1231 3509 α’ρ.
1278 3427 1407 3511 αἱρ.
1425 3429 1458 3491 ¹?

517 3688 578 3752 1)
613 3685 690 3738 Ut
723 3701 844 3738 cum
883 3685 1075 3738 vitiato
1111 3686 1270 3740 verbo
1307 3683 1516 3737 τούτων
1549 3685 1603 3737 in
1632 3685 1869 3738 oratione
1896 3685 2269 3739 Demosthenis
2291 3685 2349 3738 in
2372 3685 2537 3739 Euer-

345 3791 470 3846 gum
509 3779 566 3830 et
601 3773 954 3828 Mnesibulum
993 3773 1242 3840 (XLVII)
1277 3791 1330 3842 p.
1366 3775 1520 3834 1161,
1565 3775 1599 3842 ᾖ
1638 3774 1705 3826 72
1742 3774 1940 3842 scripto
1982 3773 2151 3827 locum
2194 3790 2346 3826 suum
2392 3773 2541 3837 VIII,

345 3865 378 3932 g
414 3863 519 3916 118
555 3863 914 3916 confunderet.
985 3861 1226 3932 Longum
1263 3867 1349 3916 est
1383 3862 1512 3915 haec
1549 3879 1808 3916 enarrare.
1868 3861 1951 3915 Ad
1986 3862 2314 3932 Philippium
2350 3860 2539 3930 delego
2598 3884 2604 3890 ·

351 3983 406 3992 —
443 3953 479 4005 l.
519 3952 556 4004 l.
601 3951 789 4018 (1874)
837 3969 886 4020 p.
933 3951 1142 4002 79-84
1195 3981 1262 3990 -
1315 3951 1402 4004 cui
1447 3949 1662 4020 Lipsius
1708 3949 1773 4004 de
1818 3950 1935 4019 ipsa.
1970 3967 2026 4004 re
2062 3949 2315 4004 adsensus
2348 3954 2433 4004 est
2470 3979 2537 3991 -

344 4039 496 4093 Burs.
533 4039 834 4093 Jahresber.
869 4038 1054 4109 Jahrg.
1089 4039 1166 4092 VI
1205 4038 1392 4106 (1878)
1429 4039 1534 4092 vol.
1575 4040 1658 4102 15,
1700 4037 1855 4098 1880,
1892 4057 1945 4104 p.
1984 4037 2107 4090 286.
2176 4037 2249 4090 Et
2282 4037 2538 4090 Stoienti·

346 4145 444 4181 uns
497 4145 614 4182 cum
668 4126 940 4197 Philippio
985 4127 1280 4182 consentire
1325 4125 1538 4180 videtur
1578 4157 1641 4165 ·-
1686 4126 1723 4178 l.
1760 4126 1795 4180 l.
1832 4143 1956 4196 pag.
1992 4127 2078 4181 63.
2148 4125 2537 4180 Schoemannus

345 4220 522 4270 antem
561 4221 820 4284 repugnat
855 4245 924 4255 —
960 4215 1026 4270 N.
1061 4215 1112 4270 J.
1152 4214 1306 4276 1876,
1343 4231 1397 4284 p.
1433 4216 1536 4268 134
1571 4231 1649 4282 sq.
1688 4243 1755 4256 -
1792 4214 1886 4269 sed
1920 4214 2236 4286 gravissima
2258 4227 2536 4282 argumen-

343 4308 516 4358 torum
555 4303 816 4373 Philippii
851 4303 1108 4374 neglegit.
