<?xml version="1.0" encoding="UTF-8"?>
<!DOCTYPE html PUBLIC "-//W3C//DTD XHTML 1.0 Transitional//EN"
    "http://www.w3.org/TR/xhtml1/DTD/xhtml1-transitional.dtd">
<html xmlns="http://www.w3.org/1999/xhtml" xml:lang="en" lang="en">
 <head>
  <title>
</title>
<meta http-equiv="Content-Type" content="text/html;charset=utf-8" />
  <meta name='ocr-system' content='tesseract 3.04.00' />
  <meta name='ocr-capabilities' content='ocr_page ocr_carea ocr_par ocr_line ocrx_word'/>
</head>
<body>
  <div class='ocr_page' id='page_1' title='image "./deephetarumathe00stgoog_0029.png"; bbox 0 0 3242 5042; ppageno 0'>
   <div class='ocr_carea' id='block_1_1' title="bbox 2398 453 2476 512">
    <p class='ocr_par' dir='ltr' id='par_1_1' title="bbox 2398 453 2476 512">
     <span class='ocr_line' id='line_1_1' title="bbox 2398 453 2476 512; baseline 0 0"><span class='ocrx_word' id='word_1_1' title='bbox 2398 453 2476 512; x_wconf 80' lang='lat'>21</span> 
     </span>
    </p>
   </div>
   <div class='ocr_carea' id='block_1_2' title="bbox 359 606 2580 3452">
    <p class='ocr_par' dir='ltr' id='par_1_2' title="bbox 372 606 2577 1172">
     <span class='ocr_line' id='line_1_2' title="bbox 376 606 2572 692; baseline -0.003 -17"><span class='ocrx_word' id='word_1_2' title='bbox 376 611 845 692; x_wconf 88' lang='lat' dir='ltr'>inscriptionem</span> <span class='ocrx_word' id='word_1_3' title='bbox 903 610 1168 688; x_wconf 89' lang='lat' dir='ltr'>edidit¹)</span> <span class='ocrx_word' id='word_1_4' title='bbox 1226 610 1502 691; x_wconf 91' lang='lat' dir='ltr'>itemque</span> <span class='ocrx_word' id='word_1_5' title='bbox 1552 607 2004 692; x_wconf 75' lang='lat' dir='ltr'>Rangabeus2),</span> <span class='ocrx_word' id='word_1_6' title='bbox 2070 606 2166 672; x_wconf 88' lang='lat' dir='ltr'>ita</span> <span class='ocrx_word' id='word_1_7' title='bbox 2218 606 2451 689; x_wconf 89' lang='lat' dir='ltr'>autem,</span> <span class='ocrx_word' id='word_1_8' title='bbox 2499 607 2572 670; x_wconf 93' lang='lat' dir='ltr'>ut</span> 
     </span>
     <span class='ocr_line' id='line_1_3' title="bbox 377 723 2577 812; baseline -0.002 -16"><span class='ocrx_word' id='word_1_9' title='bbox 377 733 595 796; x_wconf 87' lang='lat' dir='ltr'>neuter</span> <span class='ocrx_word' id='word_1_10' title='bbox 644 749 855 795; x_wconf 90' lang='lat' dir='ltr'>eorum</span> <span class='ocrx_word' id='word_1_11' title='bbox 899 731 978 796; x_wconf 86' lang='lat' dir='ltr'>ad</span> <span class='ocrx_word' id='word_1_12' title='bbox 1018 750 1150 795; x_wconf 88' lang='lat' dir='ltr'>eam</span> <span class='ocrx_word' id='word_1_13' title='bbox 1185 723 1723 812; x_wconf 64' lang='lat' dir='ltr'>interpretandam</span> <span class='ocrx_word' id='word_1_14' title='bbox 1754 727 1909 790; x_wconf 89' lang='lat' dir='ltr'>satis</span> <span class='ocrx_word' id='word_1_15' title='bbox 1936 726 2276 808; x_wconf 88' lang='lat' dir='ltr'>proficeret.</span> <span class='ocrx_word' id='word_1_16' title='bbox 2334 726 2577 792; x_wconf 88' lang='lat' dir='ltr'>Deinde</span> 
     </span>
     <span class='ocr_line' id='line_1_4' title="bbox 377 846 2569 934; baseline -0.002 -17"><span class='ocrx_word' id='word_1_17' title='bbox 377 852 454 917; x_wconf 92' lang='lat' dir='ltr'>U.</span> <span class='ocrx_word' id='word_1_18' title='bbox 501 851 791 934; x_wconf 83' lang='lat' dir='ltr'>Kochler,</span> <span class='ocrx_word' id='word_1_19' title='bbox 839 851 1044 934; x_wconf 88' lang='lat' dir='ltr'>lapide</span> <span class='ocrx_word' id='word_1_20' title='bbox 1087 850 1372 916; x_wconf 86' lang='lat' dir='ltr'>sordibus</span> <span class='ocrx_word' id='word_1_21' title='bbox 1413 850 1701 932; x_wconf 82' lang='lat' dir='ltr'>purgato,</span> <span class='ocrx_word' id='word_1_22' title='bbox 1744 848 1822 912; x_wconf 88' lang='lat' dir='ltr'>ad</span> <span class='ocrx_word' id='word_1_23' title='bbox 1866 846 2334 928; x_wconf 76' lang='lat' dir='ltr'>inscriptionem</span> <span class='ocrx_word' id='word_1_24' title='bbox 2368 848 2569 913; x_wconf 88' lang='lat' dir='ltr'>denuo</span> 
     </span>
     <span class='ocr_line' id='line_1_5' title="bbox 373 966 2571 1054; baseline -0.002 -18"><span class='ocrx_word' id='word_1_25' title='bbox 373 971 802 1054; x_wconf 79' lang='lat' dir='ltr'>explicandam</span> <span class='ocrx_word' id='word_1_26' title='bbox 847 970 1176 1054; x_wconf 86' lang='lat' dir='ltr'>adgressus</span> <span class='ocrx_word' id='word_1_27' title='bbox 1219 970 1314 1034; x_wconf 86' lang='lat' dir='ltr'>est</span> <span class='ocrx_word' id='word_1_28' title='bbox 1326 970 1402 1052; x_wconf 78' lang='lat'>³).</span> <span class='ocrx_word' id='word_1_29' title='bbox 1492 966 1685 1033; x_wconf 87' lang='lat' dir='ltr'>Cuius</span> <span class='ocrx_word' id='word_1_30' title='bbox 1728 967 1852 1031; x_wconf 87' lang='lat' dir='ltr'>viri</span> <span class='ocrx_word' id='word_1_31' title='bbox 1896 966 2173 1032; x_wconf 87' lang='lat' dir='ltr'>laborem</span> <span class='ocrx_word' id='word_1_32' title='bbox 2218 967 2571 1048; x_wconf 89' lang='lat' dir='ltr'>praemium</span> 
     </span>
     <span class='ocr_line' id='line_1_6' title="bbox 372 1090 1397 1172; baseline -0.001 -18"><span class='ocrx_word' id='word_1_33' title='bbox 372 1090 910 1172; x_wconf 88' lang='lat' dir='ltr'>exoptatissimum</span> <span class='ocrx_word' id='word_1_34' title='bbox 959 1092 1240 1153; x_wconf 91' lang='lat' dir='ltr'>secutum</span> <span class='ocrx_word' id='word_1_35' title='bbox 1283 1090 1397 1153; x_wconf 86' lang='lat' dir='ltr'>est.</span> 
     </span>
    </p>

    <p class='ocr_par' dir='ltr' id='par_1_3' title="bbox 373 1205 2580 2008">
     <span class='ocr_line' id='line_1_7' title="bbox 543 1205 2572 1292; baseline -0.002 -19"><span class='ocrx_word' id='word_1_36' title='bbox 543 1208 660 1273; x_wconf 83' lang='lat' dir='ltr'>Est</span> <span class='ocrx_word' id='word_1_37' title='bbox 704 1208 866 1292; x_wconf 86' lang='lat' dir='ltr'>lapis</span> <span class='ocrx_word' id='word_1_38' title='bbox 908 1207 1020 1273; x_wconf 90' lang='lat' dir='ltr'>ille</span> <span class='ocrx_word' id='word_1_39' title='bbox 1065 1211 1146 1274; x_wconf 87' lang='lat'>95</span> <span class='ocrx_word' id='word_1_40' title='bbox 1181 1208 1433 1273; x_wconf 90' lang='lat' dir='ltr'>centim.</span> <span class='ocrx_word' id='word_1_41' title='bbox 1479 1207 1548 1272; x_wconf 90' lang='lat' dir='ltr'>in</span> <span class='ocrx_word' id='word_1_42' title='bbox 1583 1207 1834 1290; x_wconf 60' lang='lat' dir='ltr'>longit„</span> <span class='ocrx_word' id='word_1_43' title='bbox 1872 1208 1941 1273; x_wconf 92' lang='lat' dir='ltr'>in</span> <span class='ocrx_word' id='word_1_44' title='bbox 1978 1207 2147 1272; x_wconf 88' lang='lat' dir='ltr'>latit.</span> <span class='ocrx_word' id='word_1_45' title='bbox 2192 1208 2272 1270; x_wconf 81' lang='lat'>72</span> <span class='ocrx_word' id='word_1_46' title='bbox 2296 1205 2572 1284; x_wconf 91' lang='lat' dir='ltr'>centim.‚</span> 
     </span>
     <span class='ocr_line' id='line_1_8' title="bbox 373 1326 2573 1414; baseline -0 -22"><span class='ocrx_word' id='word_1_47' title='bbox 373 1329 616 1414; x_wconf 76' lang='lat' dir='ltr'>integer</span> <span class='ocrx_word' id='word_1_48' title='bbox 661 1329 895 1393; x_wconf 89' lang='lat' dir='ltr'>mirum</span> <span class='ocrx_word' id='word_1_49' title='bbox 937 1330 1007 1394; x_wconf 89' lang='lat' dir='ltr'>in</span> <span class='ocrx_word' id='word_1_50' title='bbox 1053 1329 1307 1393; x_wconf 86' lang='lat' dir='ltr'>modum</span> <span class='ocrx_word' id='word_1_51' title='bbox 1349 1326 1767 1402; x_wconf 73' lang='lat' dir='ltr'>conservatus,</span> <span class='ocrx_word' id='word_1_52' title='bbox 1813 1347 2187 1410; x_wconf 87' lang='lat' dir='ltr'>quamquam</span> <span class='ocrx_word' id='word_1_53' title='bbox 2220 1327 2355 1391; x_wconf 88' lang='lat' dir='ltr'>sine</span> <span class='ocrx_word' id='word_1_54' title='bbox 2384 1327 2573 1391; x_wconf 89' lang='lat' dir='ltr'>dubio</span> 
     </span>
     <span class='ocr_line' id='line_1_9' title="bbox 375 1447 2580 1530; baseline -0 -18"><span class='ocrx_word' id='word_1_55' title='bbox 375 1448 578 1513; x_wconf 89' lang='lat' dir='ltr'>medio</span> <span class='ocrx_word' id='word_1_56' title='bbox 631 1467 799 1525; x_wconf 72' lang='lat' dir='ltr'>aem,</span> <span class='ocrx_word' id='word_1_57' title='bbox 865 1451 938 1513; x_wconf 87' lang='lat' dir='ltr'>ut</span> <span class='ocrx_word' id='word_1_58' title='bbox 995 1450 1320 1514; x_wconf 80' lang='lat' dir='ltr'>materiem</span> <span class='ocrx_word' id='word_1_59' title='bbox 1377 1447 1801 1530; x_wconf 77' lang='lat' dir='ltr'>suppeditaret</span> <span class='ocrx_word' id='word_1_60' title='bbox 1844 1447 2166 1512; x_wconf 88' lang='lat' dir='ltr'>cuiusdam</span> <span class='ocrx_word' id='word_1_61' title='bbox 2208 1447 2494 1528; x_wconf 87' lang='lat' dir='ltr'>aedificii,</span> <span class='ocrx_word' id='word_1_62' title='bbox 2542 1467 2580 1512; x_wconf 82' lang='lat' dir='ltr'>e</span> 
     </span>
     <span class='ocr_line' id='line_1_10' title="bbox 375 1566 2572 1633; baseline 0.001 -3"><span class='ocrx_word' id='word_1_63' title='bbox 375 1585 483 1632; x_wconf 89' lang='lat' dir='ltr'>suo</span> <span class='ocrx_word' id='word_1_64' title='bbox 551 1568 681 1633; x_wconf 89' lang='lat' dir='ltr'>loco</span> <span class='ocrx_word' id='word_1_65' title='bbox 741 1568 1058 1632; x_wconf 88' lang='lat' dir='ltr'>detractus</span> <span class='ocrx_word' id='word_1_66' title='bbox 1121 1570 1233 1633; x_wconf 90' lang='lat' dir='ltr'>est.</span> <span class='ocrx_word' id='word_1_67' title='bbox 1323 1566 1604 1632; x_wconf 83' lang='lat' dir='ltr'>Litterae</span> <span class='ocrx_word' id='word_1_68' title='bbox 1657 1585 1782 1631; x_wconf 89' lang='lat' dir='ltr'>non</span> <span class='ocrx_word' id='word_1_69' title='bbox 1840 1566 2000 1631; x_wconf 89' lang='lat' dir='ltr'>nihil</span> <span class='ocrx_word' id='word_1_70' title='bbox 2047 1567 2414 1631; x_wconf 89' lang='lat' dir='ltr'>detrimenti</span> <span class='ocrx_word' id='word_1_71' title='bbox 2458 1569 2572 1632; x_wconf 89' lang='lat' dir='ltr'>hoc</span> 
     </span>
     <span class='ocr_line' id='line_1_11' title="bbox 375 1685 2575 1770; baseline 0.001 -20"><span class='ocrx_word' id='word_1_72' title='bbox 375 1687 508 1752; x_wconf 88' lang='lat' dir='ltr'>fato</span> <span class='ocrx_word' id='word_1_73' title='bbox 551 1689 862 1770; x_wconf 82' lang='lat' dir='ltr'>ceperunt.</span> <span class='ocrx_word' id='word_1_74' title='bbox 951 1687 1170 1768; x_wconf 89' lang='lat' dir='ltr'>Itaque</span> <span class='ocrx_word' id='word_1_75' title='bbox 1213 1687 1486 1752; x_wconf 85' lang='lat' dir='ltr'>Koehler</span> <span class='ocrx_word' id='word_1_76' title='bbox 1529 1705 1681 1770; x_wconf 87' lang='lat' dir='ltr'>opus</span> <span class='ocrx_word' id='word_1_77' title='bbox 1724 1685 1873 1750; x_wconf 90' lang='lat' dir='ltr'>fecit</span> <span class='ocrx_word' id='word_1_78' title='bbox 1916 1689 1979 1749; x_wconf 91' lang='lat' dir='ltr'>et</span> <span class='ocrx_word' id='word_1_79' title='bbox 2026 1686 2480 1752; x_wconf 88' lang='lat' dir='ltr'>difficillimum</span> <span class='ocrx_word' id='word_1_80' title='bbox 2508 1689 2575 1752; x_wconf 88' lang='lat' dir='ltr'>et</span> 
     </span>
     <span class='ocr_line' id='line_1_12' title="bbox 375 1806 2575 1890; baseline 0.001 -19"><span class='ocrx_word' id='word_1_81' title='bbox 375 1807 535 1889; x_wconf 89' lang='lat' dir='ltr'>quod</span> <span class='ocrx_word' id='word_1_82' title='bbox 603 1807 940 1871; x_wconf 85' lang='lat' dir='ltr'>maximam</span> <span class='ocrx_word' id='word_1_83' title='bbox 997 1807 1403 1889; x_wconf 82' lang='lat' dir='ltr'>sagacitatem</span> <span class='ocrx_word' id='word_1_84' title='bbox 1460 1806 1856 1888; x_wconf 83' lang='lat' dir='ltr'>desideraret,</span> <span class='ocrx_word' id='word_1_85' title='bbox 1913 1825 2055 1870; x_wconf 92' lang='lat' dir='ltr'>cum</span> <span class='ocrx_word' id='word_1_86' title='bbox 2101 1807 2575 1890; x_wconf 86' lang='lat' dir='ltr'>inscriptionem</span> 
     </span>
     <span class='ocr_line' id='line_1_13' title="bbox 377 1926 954 2008; baseline -0.003 -18"><span class='ocrx_word' id='word_1_87' title='bbox 377 1927 558 1991; x_wconf 90' lang='lat' dir='ltr'>illam</span> <span class='ocrx_word' id='word_1_88' title='bbox 607 1926 954 2008; x_wconf 80' lang='lat' dir='ltr'>explicaret.</span> 
     </span>
    </p>

    <p class='ocr_par' dir='ltr' id='par_1_4' title="bbox 359 2045 2579 3093">
     <span class='ocr_line' id='line_1_14' title="bbox 549 2045 2571 2130; baseline 0 -20"><span class='ocrx_word' id='word_1_89' title='bbox 549 2045 737 2112; x_wconf 87' lang='lat' dir='ltr'>Forte</span> <span class='ocrx_word' id='word_1_90' title='bbox 781 2048 1013 2121; x_wconf 79' lang='lat' dir='ltr'>evenit,</span> <span class='ocrx_word' id='word_1_91' title='bbox 1059 2049 1132 2111; x_wconf 87' lang='lat' dir='ltr'>ut</span> <span class='ocrx_word' id='word_1_92' title='bbox 1176 2049 1346 2112; x_wconf 91' lang='lat' dir='ltr'>locus</span> <span class='ocrx_word' id='word_1_93' title='bbox 1375 2050 1582 2114; x_wconf 89' lang='lat' dir='ltr'>noster</span> <span class='ocrx_word' id='word_1_94' title='bbox 1611 2053 1913 2118; x_wconf 86' lang='lat' dir='ltr'>orationis</span> <span class='ocrx_word' id='word_1_95' title='bbox 1943 2053 2083 2118; x_wconf 88' lang='lat' dir='ltr'>adv.</span> <span class='ocrx_word' id='word_1_96' title='bbox 2116 2047 2341 2130; x_wconf 74' lang='lat' dir='ltr'>Mac.⁴)</span> <span class='ocrx_word' id='word_1_97' title='bbox 2375 2049 2439 2112; x_wconf 92' lang='lat' dir='ltr'>et</span> <span class='ocrx_word' id='word_1_98' title='bbox 2471 2047 2571 2111; x_wconf 87' lang='lat' dir='ltr'>in-</span> 
     </span>
     <span class='ocr_line' id='line_1_15' title="bbox 375 2166 2571 2256; baseline 0 -26"><span class='ocrx_word' id='word_1_99' title='bbox 375 2166 634 2248; x_wconf 89' lang='lat' dir='ltr'>scriptio</span> <span class='ocrx_word' id='word_1_100' title='bbox 676 2167 823 2231; x_wconf 91' lang='lat' dir='ltr'>haec</span> <span class='ocrx_word' id='word_1_101' title='bbox 865 2167 1034 2231; x_wconf 91' lang='lat' dir='ltr'>inter</span> <span class='ocrx_word' id='word_1_102' title='bbox 1077 2185 1142 2230; x_wconf 90' lang='lat' dir='ltr'>se</span> <span class='ocrx_word' id='word_1_103' title='bbox 1178 2167 1560 2235; x_wconf 83' lang='lat' dir='ltr'>adiuvarent.</span> <span class='ocrx_word' id='word_1_104' title='bbox 1642 2171 1867 2256; x_wconf 86' lang='lat' dir='ltr'>Legem</span> <span class='ocrx_word' id='word_1_105' title='bbox 1914 2173 2083 2237; x_wconf 92' lang='lat' dir='ltr'>enim</span> <span class='ocrx_word' id='word_1_106' title='bbox 2128 2169 2429 2234; x_wconf 86' lang='lat' dir='ltr'>Draconis</span> <span class='ocrx_word' id='word_1_107' title='bbox 2473 2168 2571 2250; x_wconf 90' lang='lat' dir='ltr'>ip-</span> 
     </span>
     <span class='ocr_line' id='line_1_16' title="bbox 374 2285 2573 2373; baseline 0.001 -24"><span class='ocrx_word' id='word_1_108' title='bbox 374 2305 506 2351; x_wconf 78' lang='lat' dir='ltr'>sam</span> <span class='ocrx_word' id='word_1_109' title='bbox 550 2323 635 2333; x_wconf 92' lang='lat'>—-</span> <span class='ocrx_word' id='word_1_110' title='bbox 678 2305 840 2350; x_wconf 90' lang='lat' dir='ltr'>anno</span> <span class='ocrx_word' id='word_1_111' title='bbox 885 2285 1082 2366; x_wconf 69' lang='grc'>40918</span> <span class='ocrx_word' id='word_1_112' title='bbox 1127 2305 1189 2362; x_wconf 65' lang='grc' dir='ltr'>ει.</span> <span class='ocrx_word' id='word_1_113' title='bbox 1230 2285 1373 2352; x_wconf 87' lang='lat' dir='ltr'>Chr.</span> <span class='ocrx_word' id='word_1_114' title='bbox 1419 2309 1479 2353; x_wconf 93' lang='lat' dir='ltr'>n.</span> <span class='ocrx_word' id='word_1_115' title='bbox 1527 2309 1834 2356; x_wconf 89' lang='lat' dir='ltr'>marmore</span> <span class='ocrx_word' id='word_1_116' title='bbox 1880 2290 2262 2373; x_wconf 88' lang='lat' dir='ltr'>insculptam</span> <span class='ocrx_word' id='word_1_117' title='bbox 2303 2325 2386 2336; x_wconf 93' lang='lat'>—</span> <span class='ocrx_word' id='word_1_118' title='bbox 2428 2301 2573 2370; x_wconf 90' lang='lat' dir='ltr'>pro-</span> 
     </span>
     <span class='ocr_line' id='line_1_17' title="bbox 359 2405 2573 2491; baseline -0 -20"><span class='ocrx_word' id='word_1_119' title='bbox 359 2407 533 2491; x_wconf 80' lang='lat' dir='ltr'>pitia</span> <span class='ocrx_word' id='word_1_120' title='bbox 610 2407 742 2472; x_wconf 86' lang='lat' dir='ltr'>fata</span> <span class='ocrx_word' id='word_1_121' title='bbox 805 2411 867 2472; x_wconf 88' lang='lat' dir='ltr'>et</span> <span class='ocrx_word' id='word_1_122' title='bbox 933 2405 1230 2470; x_wconf 85' lang='lat' dir='ltr'>Kochleri</span> <span class='ocrx_word' id='word_1_123' title='bbox 1296 2425 1478 2490; x_wconf 89' lang='lat' dir='ltr'>opera</span> <span class='ocrx_word' id='word_1_124' title='bbox 1533 2412 1711 2476; x_wconf 89' lang='lat' dir='ltr'>nobis</span> <span class='ocrx_word' id='word_1_125' title='bbox 1768 2411 2087 2475; x_wconf 81' lang='lat' dir='ltr'>dederunt.</span> <span class='ocrx_word' id='word_1_126' title='bbox 2182 2406 2573 2489; x_wconf 82' lang='lat' dir='ltr'>Quamquam</span> 
     </span>
     <span class='ocr_line' id='line_1_18' title="bbox 375 2525 2573 2608; baseline 0 -18"><span class='ocrx_word' id='word_1_127' title='bbox 375 2527 722 2608; x_wconf 85' lang='lat' dir='ltr'>permultae</span> <span class='ocrx_word' id='word_1_128' title='bbox 767 2528 1016 2592; x_wconf 86' lang='lat' dir='ltr'>litterae</span> <span class='ocrx_word' id='word_1_129' title='bbox 1041 2525 1484 2608; x_wconf 77' lang='lat' dir='ltr'>&#39;inscriptionis</span> <span class='ocrx_word' id='word_1_130' title='bbox 1527 2533 1589 2593; x_wconf 85' lang='lat' dir='ltr'>et</span> <span class='ocrx_word' id='word_1_131' title='bbox 1638 2531 1702 2596; x_wconf 88' lang='lat' dir='ltr'>vi</span> <span class='ocrx_word' id='word_1_132' title='bbox 1746 2531 1810 2596; x_wconf 89' lang='lat' dir='ltr'>et</span> <span class='ocrx_word' id='word_1_133' title='bbox 1855 2531 1955 2594; x_wconf 91' lang='lat' dir='ltr'>die</span> <span class='ocrx_word' id='word_1_134' title='bbox 1992 2530 2255 2594; x_wconf 88' lang='lat' dir='ltr'>attritae</span> <span class='ocrx_word' id='word_1_135' title='bbox 2284 2529 2433 2592; x_wconf 85' lang='lat' dir='ltr'>sunt</span> <span class='ocrx_word' id='word_1_136' title='bbox 2466 2544 2573 2590; x_wconf 89' lang='lat' dir='ltr'>ne-</span> 
     </span>
     <span class='ocr_line' id='line_1_19' title="bbox 373 2646 2578 2734; baseline 0.002 -25"><span class='ocrx_word' id='word_1_137' title='bbox 373 2664 490 2727; x_wconf 88' lang='lat' dir='ltr'>que</span> <span class='ocrx_word' id='word_1_138' title='bbox 534 2646 714 2712; x_wconf 89' lang='lat' dir='ltr'>hodie</span> <span class='ocrx_word' id='word_1_139' title='bbox 759 2647 1028 2729; x_wconf 90' lang='lat' dir='ltr'>amplius</span> <span class='ocrx_word' id='word_1_140' title='bbox 1072 2646 1198 2730; x_wconf 89' lang='lat' dir='ltr'>legi</span> <span class='ocrx_word' id='word_1_141' title='bbox 1242 2655 1516 2729; x_wconf 88' lang='lat' dir='ltr'>possunt,</span> <span class='ocrx_word' id='word_1_142' title='bbox 1563 2670 1669 2716; x_wconf 88' lang='lat' dir='ltr'>eae</span> <span class='ocrx_word' id='word_1_143' title='bbox 1710 2670 1865 2734; x_wconf 88' lang='lat' dir='ltr'>quae</span> <span class='ocrx_word' id='word_1_144' title='bbox 1908 2652 2156 2716; x_wconf 85' lang='lat' dir='ltr'>exstant</span> <span class='ocrx_word' id='word_1_145' title='bbox 2204 2649 2362 2714; x_wconf 91' lang='lat' dir='ltr'>nihil</span> <span class='ocrx_word' id='word_1_146' title='bbox 2396 2650 2578 2714; x_wconf 42' lang='lat' dir='ltr'>dubi-1</span> 
     </span>
     <span class='ocr_line' id='line_1_20' title="bbox 375 2767 2570 2850; baseline 0.001 -20"><span class='ocrx_word' id='word_1_147' title='bbox 375 2767 634 2830; x_wconf 87' lang='lat' dir='ltr'>tationis</span> <span class='ocrx_word' id='word_1_148' title='bbox 697 2768 1100 2850; x_wconf 85' lang='lat' dir='ltr'>permittunt,</span> <span class='ocrx_word' id='word_1_149' title='bbox 1161 2768 1312 2850; x_wconf 91' lang='lat' dir='ltr'>quin</span> <span class='ocrx_word' id='word_1_150' title='bbox 1367 2769 1670 2834; x_wconf 86' lang='lat' dir='ltr'>orationis</span> <span class='ocrx_word' id='word_1_151' title='bbox 1714 2772 1893 2836; x_wconf 90' lang='lat' dir='ltr'>illius</span> <span class='ocrx_word' id='word_1_152' title='bbox 1937 2771 2035 2836; x_wconf 91' lang='lat' dir='ltr'>lex</span> <span class='ocrx_word' id='word_1_153' title='bbox 2080 2771 2292 2836; x_wconf 86' lang='lat' dir='ltr'>eadem</span> <span class='ocrx_word' id='word_1_154' title='bbox 2340 2771 2425 2834; x_wconf 91' lang='lat' dir='ltr'>sit</span> <span class='ocrx_word' id='word_1_155' title='bbox 2470 2771 2570 2834; x_wconf 90' lang='lat' dir='ltr'>at-</span> 
     </span>
     <span class='ocr_line' id='line_1_21' title="bbox 370 2885 2579 2972; baseline 0.002 -22"><span class='ocrx_word' id='word_1_156' title='bbox 370 2905 488 2968; x_wconf 88' lang='lat' dir='ltr'>que</span> <span class='ocrx_word' id='word_1_157' title='bbox 548 2885 996 2969; x_wconf 75' lang='lat' dir='ltr'>inscriptioni8‚</span> <span class='ocrx_word' id='word_1_158' title='bbox 1063 2886 1127 2951; x_wconf 90' lang='lat' dir='ltr'>id</span> <span class='ocrx_word' id='word_1_159' title='bbox 1192 2889 1350 2968; x_wconf 92' lang='lat' dir='ltr'>quod</span> <span class='ocrx_word' id='word_1_160' title='bbox 1417 2895 1554 2972; x_wconf 89' lang='lat' dir='ltr'>post</span> <span class='ocrx_word' id='word_1_161' title='bbox 1608 2890 1906 2956; x_wconf 89' lang='lat' dir='ltr'>Koehleri</span> <span class='ocrx_word' id='word_1_162' title='bbox 1954 2889 2445 2971; x_wconf 87' lang='lat' dir='ltr'>disputationem</span> <span class='ocrx_word' id='word_1_163' title='bbox 2496 2909 2579 2954; x_wconf 82' lang='lat' dir='ltr'>ne</span> 
     </span>
     <span class='ocr_line' id='line_1_22' title="bbox 368 3005 2369 3093; baseline 0.001 -24"><span class='ocrx_word' id='word_1_164' title='bbox 368 3024 530 3069; x_wconf 87' lang='lat' dir='ltr'>unus</span> <span class='ocrx_word' id='word_1_165' title='bbox 573 3007 842 3087; x_wconf 87' lang='lat' dir='ltr'>quidem,</span> <span class='ocrx_word' id='word_1_166' title='bbox 887 3006 1046 3088; x_wconf 93' lang='lat' dir='ltr'>quod</span> <span class='ocrx_word' id='word_1_167' title='bbox 1093 3005 1376 3087; x_wconf 88' lang='lat' dir='ltr'>equidem</span> <span class='ocrx_word' id='word_1_168' title='bbox 1422 3011 1633 3093; x_wconf 86' lang='lat' dir='ltr'>sciam,</span> <span class='ocrx_word' id='word_1_169' title='bbox 1678 3012 1746 3076; x_wconf 93' lang='lat' dir='ltr'>in</span> <span class='ocrx_word' id='word_1_170' title='bbox 1794 3011 2056 3075; x_wconf 89' lang='lat' dir='ltr'>dubium</span> <span class='ocrx_word' id='word_1_171' title='bbox 2103 3009 2369 3073; x_wconf 87' lang='lat' dir='ltr'>vocavit.</span> 
     </span>
    </p>

    <p class='ocr_par' dir='ltr' id='par_1_5' title="bbox 368 3125 2575 3452">
     <span class='ocr_line' id='line_1_23' title="bbox 545 3125 2569 3208; baseline -0.001 -16"><span class='ocrx_word' id='word_1_172' title='bbox 545 3129 774 3194; x_wconf 89' lang='lat' dir='ltr'>Versus</span> <span class='ocrx_word' id='word_1_173' title='bbox 837 3125 1262 3208; x_wconf 87' lang='lat' dir='ltr'>inscriptionis</span> <span class='ocrx_word' id='word_1_174' title='bbox 1321 3129 1528 3192; x_wconf 78' lang='lat' dir='ltr'>l3zum</span> <span class='ocrx_word' id='word_1_175' title='bbox 1588 3132 1651 3194; x_wconf 90' lang='lat' dir='ltr'>et</span> <span class='ocrx_word' id='word_1_176' title='bbox 1712 3130 1918 3195; x_wconf 77' lang='lat' dir='ltr'>142um</span> <span class='ocrx_word' id='word_1_177' title='bbox 1965 3147 2099 3194; x_wconf 88' lang='lat' dir='ltr'>eam</span> <span class='ocrx_word' id='word_1_178' title='bbox 2145 3128 2447 3193; x_wconf 88' lang='lat' dir='ltr'>orationis</span> <span class='ocrx_word' id='word_1_179' title='bbox 2491 3128 2569 3192; x_wconf 93' lang='lat' dir='ltr'>il-</span> 
     </span>
     <span class='ocr_line' id='line_1_24' title="bbox 373 3247 2571 3334; baseline 0.002 -24"><span class='ocrx_word' id='word_1_180' title='bbox 373 3247 495 3312; x_wconf 92' lang='lat' dir='ltr'>lius</span> <span class='ocrx_word' id='word_1_181' title='bbox 555 3249 817 3330; x_wconf 88' lang='lat' dir='ltr'>partem,</span> <span class='ocrx_word' id='word_1_182' title='bbox 873 3270 1027 3334; x_wconf 90' lang='lat' dir='ltr'>quae</span> <span class='ocrx_word' id='word_1_183' title='bbox 1069 3258 1163 3316; x_wconf 88' lang='lat' dir='ltr'>est</span> <span class='ocrx_word' id='word_1_184' title='bbox 1212 3251 1289 3316; x_wconf 87' lang='lat' dir='ltr'>ab</span> <span class='ocrx_word' id='word_1_185' title='bbox 1333 3249 1520 3315; x_wconf 91' lang='lat' dir='ltr'>initio</span> <span class='ocrx_word' id='word_1_186' title='bbox 1565 3268 1757 3331; x_wconf 90' lang='lat' dir='ltr'>usque</span> <span class='ocrx_word' id='word_1_187' title='bbox 1800 3249 1877 3314; x_wconf 89' lang='lat' dir='ltr'>ad</span> <span class='ocrx_word' id='word_1_188' title='bbox 1934 3256 2215 3334; x_wconf 83' lang='grc' dir='ltr'><em>κρατεῖν,</em></span> <span class='ocrx_word' id='word_1_189' title='bbox 2275 3249 2571 3314; x_wconf 86' lang='lat' dir='ltr'>continu-</span> 
     </span>
     <span class='ocr_line' id='line_1_25' title="bbox 368 3368 2575 3452; baseline 0 -20"><span class='ocrx_word' id='word_1_190' title='bbox 368 3369 490 3432; x_wconf 86' lang='lat' dir='ltr'>isse</span> <span class='ocrx_word' id='word_1_191' title='bbox 561 3374 818 3452; x_wconf 89' lang='lat' dir='ltr'>apparet</span> <span class='ocrx_word' id='word_1_192' title='bbox 843 3375 916 3452; x_wconf 78' lang='lat'>⁵).</span> <span class='ocrx_word' id='word_1_193' title='bbox 1053 3373 1286 3438; x_wconf 90' lang='lat' dir='ltr'>Versus</span> <span class='ocrx_word' id='word_1_194' title='bbox 1367 3374 1446 3437; x_wconf 83' lang='lat'>15</span> <span class='ocrx_word' id='word_1_195' title='bbox 1513 3373 1576 3436; x_wconf 91' lang='lat' dir='ltr'>et</span> <span class='ocrx_word' id='word_1_196' title='bbox 1650 3373 1725 3435; x_wconf 88' lang='lat'>16</span> <span class='ocrx_word' id='word_1_197' title='bbox 1795 3369 2198 3451; x_wconf 87' lang='lat' dir='ltr'>interpretari</span> <span class='ocrx_word' id='word_1_198' title='bbox 2290 3368 2575 3433; x_wconf 87' lang='lat' dir='ltr'>Koehler</span> 
     </span>
    </p>
   </div>
   <div class='ocr_carea' id='block_1_3' title="bbox 399 3525 777 3536">
    <p class='ocr_par' dir='ltr' id='par_1_6' title="bbox 399 3525 777 3536">
     <span class='ocr_line' id='line_1_26' title="bbox 399 3525 777 3536; baseline 0 1506"><span class='ocrx_word' id='word_1_199' title='bbox 399 3525 777 3536; x_wconf 95' lang='lat' dir='ltr'> </span> 
     </span>
    </p>
   </div>
   <div class='ocr_carea' id='block_1_4' title="bbox 369 3592 2571 4370">
    <p class='ocr_par' dir='ltr' id='par_1_7' title="bbox 569 3592 1885 3665">
     <span class='ocr_line' id='line_1_27' title="bbox 569 3592 1885 3665; baseline -0.004 -18"><span class='ocrx_word' id='word_1_200' title='bbox 569 3598 626 3662; x_wconf 90' lang='grc'>1)</span> <span class='ocrx_word' id='word_1_201' title='bbox 675 3593 991 3665; x_wconf 71' lang='grc' dir='ltr'>Ἐφημερὶς</span> <span class='ocrx_word' id='word_1_202' title='bbox 1029 3593 1438 3664; x_wconf 75' lang='grc' dir='ltr'><strong><em>ἅρχαιολογική,</em></strong></span> <span class='ocrx_word' id='word_1_203' title='bbox 1482 3594 1639 3656; x_wconf 82' lang='grc'><strong>1842,</strong></span> <span class='ocrx_word' id='word_1_204' title='bbox 1676 3609 1727 3647; x_wconf 84' lang='lat' dir='ltr'>u.</span> <span class='ocrx_word' id='word_1_205' title='bbox 1764 3592 1885 3646; x_wconf 86' lang='grc'>886.</span> 
     </span>
    </p>

    <p class='ocr_par' dir='ltr' id='par_1_8' title="bbox 572 3665 2462 3754">
     <span class='ocr_line' id='line_1_28' title="bbox 572 3665 2462 3754; baseline -0.002 -18"><span class='ocrx_word' id='word_1_206' title='bbox 572 3685 630 3750; x_wconf 89' lang='lat'>2)</span> <span class='ocrx_word' id='word_1_207' title='bbox 685 3683 992 3754; x_wconf 78' lang='lat' dir='ltr'>Antiquites</span> <span class='ocrx_word' id='word_1_208' title='bbox 1027 3683 1379 3752; x_wconf 75' lang='lat' dir='ltr'>helleniques,</span> <span class='ocrx_word' id='word_1_209' title='bbox 1421 3682 1717 3745; x_wconf 81' lang='lat'>1842-55,</span> <span class='ocrx_word' id='word_1_210' title='bbox 1754 3680 1797 3744; x_wconf 92' lang='lat'>1,</span> <span class='ocrx_word' id='word_1_211' title='bbox 1836 3697 1886 3733; x_wconf 84' lang='lat' dir='ltr'>n.</span> <span class='ocrx_word' id='word_1_212' title='bbox 1929 3679 2050 3734; x_wconf 84' lang='lat'>259.</span> <span class='ocrx_word' id='word_1_213' title='bbox 2423 3665 2462 3694; x_wconf 75' lang='lat'><em>⁶</em></span> 
     </span>
    </p>

    <p class='ocr_par' dir='ltr' id='par_1_9' title="bbox 572 3771 1668 3840">
     <span class='ocr_line' id='line_1_29' title="bbox 572 3771 1668 3840; baseline 0.001 -16"><span class='ocrx_word' id='word_1_214' title='bbox 572 3773 631 3836; x_wconf 84' lang='lat'>3)</span> <span class='ocrx_word' id='word_1_215' title='bbox 683 3773 834 3825; x_wconf 84' lang='lat' dir='ltr'>Anno</span> <span class='ocrx_word' id='word_1_216' title='bbox 876 3771 1028 3834; x_wconf 81' lang='lat'><strong>1867,</strong></span> <span class='ocrx_word' id='word_1_217' title='bbox 1067 3772 1188 3826; x_wconf 84' lang='lat' dir='ltr'>vide</span> <span class='ocrx_word' id='word_1_218' title='bbox 1226 3788 1383 3840; x_wconf 85' lang='lat' dir='ltr'>supra</span> <span class='ocrx_word' id='word_1_219' title='bbox 1421 3787 1542 3840; x_wconf 86' lang='lat' dir='ltr'>pag.</span> <span class='ocrx_word' id='word_1_220' title='bbox 1587 3771 1668 3825; x_wconf 88' lang='grc'>16.</span> 
     </span>
    </p>

    <p class='ocr_par' dir='ltr' id='par_1_10' title="bbox 575 3858 1230 3929">
     <span class='ocr_line' id='line_1_30' title="bbox 575 3858 1230 3929; baseline -0.003 -17"><span class='ocrx_word' id='word_1_221' title='bbox 575 3861 633 3926; x_wconf 83' lang='grc'>4)</span> <span class='ocrx_word' id='word_1_222' title='bbox 689 3858 823 3914; x_wconf 88' lang='lat' dir='ltr'>Vide</span> <span class='ocrx_word' id='word_1_223' title='bbox 862 3875 1020 3929; x_wconf 83' lang='lat' dir='ltr'>supra</span> <span class='ocrx_word' id='word_1_224' title='bbox 1057 3877 1106 3928; x_wconf 87' lang='lat' dir='ltr'>p.</span> <span class='ocrx_word' id='word_1_225' title='bbox 1147 3858 1230 3911; x_wconf 88' lang='grc'>19.</span> 
     </span>
    </p>

    <p class='ocr_par' dir='ltr' id='par_1_11' title="bbox 370 3941 2563 4105">
     <span class='ocr_line' id='line_1_31' title="bbox 567 3941 2563 4016; baseline -0.004 -15"><span class='ocrx_word' id='word_1_226' title='bbox 567 3950 625 4012; x_wconf 86' lang='grc'>5)</span> <span class='ocrx_word' id='word_1_227' title='bbox 681 3947 1078 4002; x_wconf 81' lang='lat' dir='ltr'>Admonendum</span> <span class='ocrx_word' id='word_1_228' title='bbox 1126 3955 1208 4002; x_wconf 86' lang='lat' dir='ltr'>est</span> <span class='ocrx_word' id='word_1_229' title='bbox 1253 3946 1488 4016; x_wconf 87' lang='lat' dir='ltr'>singulos</span> <span class='ocrx_word' id='word_1_230' title='bbox 1524 3962 1705 4000; x_wconf 84' lang='lat' dir='ltr'>versus</span> <span class='ocrx_word' id='word_1_231' title='bbox 1743 3945 1812 3997; x_wconf 84' lang='lat'>50</span> <span class='ocrx_word' id='word_1_232' title='bbox 1849 3943 2059 3997; x_wconf 84' lang='lat' dir='ltr'>litteras</span> <span class='ocrx_word' id='word_1_233' title='bbox 2095 3941 2343 3996; x_wconf 84' lang='lat' dir='ltr'>habuisse</span> <span class='ocrx_word' id='word_1_234' title='bbox 2381 3945 2439 3996; x_wconf 92' lang='lat' dir='ltr'>et</span> <span class='ocrx_word' id='word_1_235' title='bbox 2478 3945 2563 3995; x_wconf 90' lang='lat' dir='ltr'>to·</span> 
     </span>
     <span class='ocr_line' id='line_1_32' title="bbox 370 4020 1832 4105; baseline -0.005 -14"><span class='ocrx_word' id='word_1_236' title='bbox 370 4041 482 4091; x_wconf 84' lang='lat' dir='ltr'>tam</span> <span class='ocrx_word' id='word_1_237' title='bbox 519 4020 918 4105; x_wconf 75' lang='lat' dir='ltr'>inscriptionem</span> <span class='ocrx_word' id='word_1_238' title='bbox 959 4033 1255 4102; x_wconf 77' lang='grc' dir='ltr'><strong><em>στοιχηδὸν</em></strong></span> <span class='ocrx_word' id='word_1_239' title='bbox 1290 4035 1456 4089; x_wconf 67' lang='lat' dir='ltr'>fuisse</span> <span class='ocrx_word' id='word_1_240' title='bbox 1491 4035 1832 4104; x_wconf 83' lang='lat' dir='ltr'>insculptam.</span> 
     </span>
    </p>

    <p class='ocr_par' dir='ltr' id='par_1_12' title="bbox 369 4117 2571 4370">
     <span class='ocr_line' id='line_1_33' title="bbox 566 4117 2568 4189; baseline -0.004 -11"><span class='ocrx_word' id='word_1_241' title='bbox 566 4124 628 4178; x_wconf 88' lang='lat' dir='ltr'>ld</span> <span class='ocrx_word' id='word_1_242' title='bbox 667 4124 827 4178; x_wconf 85' lang='lat' dir='ltr'>semel</span> <span class='ocrx_word' id='word_1_243' title='bbox 864 4123 1190 4177; x_wconf 84' lang='lat' dir='ltr'>admonitum</span> <span class='ocrx_word' id='word_1_244' title='bbox 1231 4123 1388 4177; x_wconf 83' lang='lat' dir='ltr'>velim</span> <span class='ocrx_word' id='word_1_245' title='bbox 1425 4127 1481 4176; x_wconf 87' lang='lat' dir='ltr'>et</span> <span class='ocrx_word' id='word_1_246' title='bbox 1515 4139 1606 4182; x_wconf 86' lang='lat' dir='ltr'>eas</span> <span class='ocrx_word' id='word_1_247' title='bbox 1644 4122 1851 4175; x_wconf 88' lang='lat' dir='ltr'>litteras</span> <span class='ocrx_word' id='word_1_248' title='bbox 1890 4135 1973 4172; x_wconf 88' lang='lat' dir='ltr'>me</span> <span class='ocrx_word' id='word_1_249' title='bbox 2012 4120 2163 4189; x_wconf 87' lang='lat' dir='ltr'>plene</span> <span class='ocrx_word' id='word_1_250' title='bbox 2204 4117 2568 4187; x_wconf 72' lang='lat' dir='ltr'>exscripsisse,</span> 
     </span>
     <span class='ocr_line' id='line_1_34' title="bbox 369 4205 2571 4282; baseline -0.005 -16"><span class='ocrx_word' id='word_1_251' title='bbox 369 4229 518 4282; x_wconf 82' lang='lat' dir='ltr'>quae,</span> <span class='ocrx_word' id='word_1_252' title='bbox 565 4213 776 4267; x_wconf 84' lang='lat' dir='ltr'>etiamsi</span> <span class='ocrx_word' id='word_1_253' title='bbox 821 4211 939 4282; x_wconf 87' lang='lat' dir='ltr'>plus</span> <span class='ocrx_word' id='word_1_254' title='bbox 987 4212 1222 4265; x_wconf 79' lang='lat' dir='ltr'>minusve</span> <span class='ocrx_word' id='word_1_255' title='bbox 1260 4211 1480 4265; x_wconf 79' lang='lat' dir='ltr'>attritae</span> <span class='ocrx_word' id='word_1_256' title='bbox 1517 4211 1643 4272; x_wconf 86' lang='lat' dir='ltr'>sint,</span> <span class='ocrx_word' id='word_1_257' title='bbox 1682 4213 1860 4262; x_wconf 80' lang='lat' dir='ltr'>tamen</span> <span class='ocrx_word' id='word_1_258' title='bbox 1898 4208 1953 4260; x_wconf 89' lang='lat' dir='ltr'>in</span> <span class='ocrx_word' id='word_1_259' title='bbox 1991 4206 2207 4260; x_wconf 87' lang='lat' dir='ltr'>dubium</span> <span class='ocrx_word' id='word_1_260' title='bbox 2248 4205 2421 4258; x_wconf 87' lang='lat' dir='ltr'>vocari</span> <span class='ocrx_word' id='word_1_261' title='bbox 2459 4219 2571 4258; x_wconf 80' lang='lat' dir='ltr'>non</span> 
     </span>
     <span class='ocr_line' id='line_1_35' title="bbox 373 4301 592 4370; baseline -0.009 -15"><span class='ocrx_word' id='word_1_262' title='bbox 373 4301 592 4370; x_wconf 81' lang='lat' dir='ltr'>possint.</span> 
     </span>
    </p>
   </div>
  </div>
 </body>
</html>
