3242 5042
751 417 830 476 58

671 569 928 649 apparet
994 566 1142 630 haec
1211 567 1641 632 credidisse
1708 568 1927 634 saltem
2002 569 2384 651 scriptorem.
2498 568 2654 647 Quid
2714 588 2863 654 ergo

667 687 975 751 credidit?
1042 686 1217 750 ἔοικε
1282 686 1354 750 δὲ
1419 686 1654 750 Σόλων
1699 686 1914 752 ἐκεῖνα
1956 687 2077 768 μὲν
2130 685 2601 772 ὑπάρχοντα
2659 691 2863 775 πρό·

669 829 906 892 τερον
953 805 1033 872 οὐ
1079 808 1458 887 καταλῦσαι,
1502 808 1643 894 τήν
1686 831 1768 873 τε
1812 809 2111 898 βουλήν
2155 835 2213 878 κ.
2258 835 2313 874 τ.
2362 811 2419 876 λ.

843 929 1008 994 Num
1055 949 1196 994 vere
1245 932 1454 1014 negari
1503 932 1709 1014 potest
1754 951 1861 996 nos
1907 932 2021 996 hoc
2066 933 2203 996 loco
2240 933 2461 998 habere
2496 935 2873 999 sententiam

675 1053 997 1135 scriptoris
1067 1052 1218 1116 ”non
1281 1051 1747 1136 imprudentis”‚
1816 1054 1918 1137 qui
1977 1058 2223 1119 censeat
2271 1055 2578 1138 Areopagi
2624 1055 2869 1141 βουλὴν

671 1175 823 1258 (non
871 1175 1069 1239 solum
1115 1174 1570 1260 δικαστήριον)
1616 1179 1757 1240 ante
1804 1175 2087 1242 Solonem
2136 1177 2365 1242 fuisse?
2382 1177 2457 1261 ¹).

847 1454 1237 1536 Areopagum
1295 1453 1490 1536 igitur
1547 1457 1689 1518 ante
1745 1451 2031 1517 Solonem
2087 1455 2368 1517 senatum
2430 1453 2615 1517 fuisse
2668 1453 2863 1518 nemi·

683 1594 816 1640 nem
875 1576 1240 1658 scriptorum
1293 1575 1685 1658 antiquorum
1744 1593 1854 1657 pro
1901 1576 2067 1638 certo
2114 1573 2535 1638 adfirmavisse
2582 1575 2869 1639 vidimuS.

679 1697 758 1761 Id'
795 1700 998 1761 autem
1045 1698 1321 1780 apparet,
1379 1697 1432 1760 si
1489 1696 1627 1779 quis
1672 1695 2119 1762 antesolonium
2168 1700 2448 1760 senatum
2496 1697 2683 1761 fuisse
2730 1715 2866 1760 cen-

679 1823 812 1884 seat
878 1819 1293 1902 Areopagum,
1362 1838 1555 1902 neque
1625 1819 1992 1883 sententiam
2063 1819 2195 1882 eius
2254 1819 2600 1883 litterarum
2661 1838 2873 1884 monu-

683 1942 909 2005 mentis
976 1941 1315 2013 adversa-ri,
1383 1943 1445 2004 et
1513 1942 1753 2004 exstare
1822 1940 2049 2004 indicia
2114 1940 2447 2022 quaedam,
2516 1959 2671 2024 quae
2738 1959 2873 2004 eam

681 2063 1130 2126 commendent.

858 2182 1056 2267 Supra
1117 2184 1746 2268 animadvertimus²)
1800 2183 2203 2248 Plutarchum
2260 2183 2445 2247 tacite
2493 2221 2576 2230 -—
2619 2183 2879 2249 fortasse

683 2306 864 2370 huius
915 2307 1001 2370 rei
1060 2307 1179 2370 sibi
1235 2307 1364 2388 ipse
1433 2325 1549 2369 non
1606 2307 1883 2370 conscius
1930 2309 2061 2370 erat
2106 2343 2189 2352 —
2236 2309 2609 2370 senatorium
2658 2327 2879 2371 munus

687 2447 825 2492 cum
885 2427 1160 2492 iudiciali
1224 2447 1472 2491 munere
1529 2447 1715 2511 penes
1774 2429 1949 2490 vetus
1996 2426 2147 2491 illud
2196 2427 2521 2492 consilium
2567 2429 2879 2511 Areopagi

691 2550 1062 2613 conexuisse.
1139 2549 1356 2632 Neque
1403 2547 1701 2613 eiusmodi
1748 2567 2010 2613 conexus
2056 2549 2241 2631 atque
2287 2550 2548 2613 societas
2594 2549 2887 2614 abhorret

690 2690 726 2736 a
793 2673 926 2734 tota
995 2671 1230 2734 ratione
1300 2673 1572 2734 veterum
1651 2669 2098 2734 institutorum.
2216 2671 2340 2736 Rex
2407 2669 2730 2756 consilium
2801 2708 2884 2719 —

691 2789 937 2878 βουλὴν
985 2789 1307 2875 γερόντων
1363 2828 1446 2838 -
1503 2791 1664 2875 apud
1712 2811 1776 2856 se
1820 2791 2108 2874 habebat,
2154 2792 2461 2874 principes
2508 2785 2732 2859 civium
2780 2811 2885 2875 op-

693 2914 849 2976 timo
912 2915 1064 2989 iure,
1124 2915 1605 2998 eupatridarum.
1706 2913 1942 2978 ”Unum
1978 2914 2317 2997 antiquitus
2364 2889 2707 2996 principum
2756 2913 2887 2978 col-

691 3036 922 3118 legium
993 3035 1205 3110 fuisse,
1271 3037 1428 3119 quod
1491 3038 1552 3100 et
1608 3036 1859 3117 regibus
1919 3035 2064 3099 olim
2114 3037 2174 3098 et
2221 3038 2361 3118 post
2406 3035 2645 3115 regium
2679 3035 2889 3118 impe-

693 3157 850 3220 rium
925 3156 1222 3220 abolitum
1292 3157 1368 3220 iis
1431 3158 1537 3240 qui
1595 3158 1657 3220 in
1718 3175 1927 3220 eorum
1975 3156 2179 3219 locum
2226 3160 2648 3220 successerant
2696 3156 2891 3238 magi-

695 3278 992 3342 stratibus
1058 3297 1196 3342 cum
1264 3279 1326 3341 in
1397 3297 1460 3342 re
1519 3276 1768 3361 publica
1826 3277 2312 3342 administranda
2358 3278 2487 3340 tum
2537 3277 2599 3340 in
2644 3275 2892 3341 iudiciis

698 3401 1069 3483 capitalibus
1135 3400 1485 3464 exercendis
1554 3400 1816 3472 adesset,
1882 3418 1991 3462 nos
2056 3399 2174 3482 ipsi
2242 3398 2471 3462 dudum
2530 3399 2891 3473 statuimu83

694 3522 880 3604 idque
939 3524 1002 3584 et
1058 3519 1192 3604 ipsa
1249 3521 1699 3604 quodammodo
1755 3521 1845 3584 rei
1894 3524 2109 3584 natura
2153 3524 2216 3584 et
2258 3520 2521 3584 aliarum
2568 3521 2889 3584 civitatum

695 3643 992 3725 exemplis
1061 3643 1517 3724 comprobatur,
1578 3642 1774 3706 veluti
1834 3641 2476 3718 Lacedaemoniorum,
2536 3643 2695 3724 apud
2742 3660 2895 3725 quos

704 3767 952 3828 senatus
1021 3763 1130 3827 ille
1203 3763 1663 3846 duodetriginta
1707 3765 2001 3839 virorum,
2058 3761 2099 3850 ἡ
2147 3764 2476 3847 γερουσία,
2532 3783 2649 3828 non
2696 3765 2895 3828 solum

699 3906 830 3950 rem
901 3885 1214 3969 publicam
1285 3885 1717 3950 moderabatur
1784 3885 1888 3950 sed
1946 3887 2132 3952 etiam
2189 3888 2261 3950 de
2319 3892 2619 3968 φονικοῖς
2664 3885 2898 3950 iudica-

879 4077 934 4140 1)
972 4074 1199 4130 Videtur
1237 4075 1370 4130 mihi
1407 4075 1640 4146 Langins
1678 4077 1814 4130 hunc
1850 4076 2021 4130 locum
2050 4091 2152 4130 non
2191 4079 2331 4130 recte
2358 4076 2742 4145 interpretatus
2770 4091 2901 4129 esse.

706 4161 840 4230 Eph.
879 4178 928 4215 n.
967 4162 1057 4216 Ar.
1095 4181 1148 4232 p.
1188 4163 1272 4216 32.

880 4250 937 4314 2>
976 4249 1111 4304 Vide
1149 4267 1268 4322 pag.
1309 4252 1392 4304 55.
