3242 5042
764 463 847 520 20

850 609 1013 673 Tum
1059 607 1207 674 haec
1251 608 1439 672 verba
1484 608 1554 671 in
1597 607 1889 671 omnibus
1932 607 2246 672 codicibus
2276 609 2651 689 sequuntur:
2698 608 2880 670 τού-

674 753 843 802 τοις
898 728 1034 793 δὀἱ
1085 727 1490 813 πεντήκοντα
1537 724 1648 789 καὶ
1694 713 1787 797 εἷς
1830 703 2213 812 α’ριοτίνδην
2256 728 2644 813 αἱρείσθων·
2732 725 2874 792 Dif-

671 853 836 920 ficile
879 851 974 916 est
1017 846 1273 919 τούτοις
1316 847 1682 930 intelligere.
1752 844 2143 928 Quamquam
2189 847 2506 927 Petitus¹)
2554 849 2667 913 hoc
2699 847 2879 912 modo

663 971 1013 1039 convertit:
1062 967 1222 1031 ”his
1267 965 1728 1048 quinquaginta
1772 967 1834 1030 et
1880 984 2041 1030 unus
2086 985 2157 1030 ex
2186 967 2601 1049 optimatibus
2630 968 2879 1047 eligun-

672 1091 828 1168 tor”‚
899 1089 1155 1154 verbum
1221 1089 1340 1153 his
1404 1089 1616 1152 tamen
1674 1085 2041 1168 ambiguum
2086 1086 2201 1163 est,
2249 1106 2443 1169 neque
2487 1087 2874 1170 probabilem

671 1210 1051 1276 sententiam
1108 1207 1208 1272 his
1265 1206 1470 1271 verbis
1523 1205 1724 1269 inesse
1778 1204 1903 1268 dici
1950 1207 2173 1288 potest.
2263 1208 2509 1273 Potitus
2556 1207 2686 1290 ipse
2729 1224 2875 1271 con-

663 1330 817 1395 iecit
863 1313 1132 1404 οῧτοιῖ),
1177 1327 1338 1410 quod
1385 1324 1764 1391 sententiam
1810 1325 2087 1407 aliquam
2134 1326 2198 1392 id
2244 1328 2496 1409 quidem
2542 1330 2773 1399 tuetur,
2808 1328 2873 1391 in

663 1472 736 1518 eo
793 1452 1004 1516 tamen
1059 1447 1336 1521 offendit,
1395 1446 1555 1528 quod
1615 1446 1907 1528 intellegi
1972 1466 2091 1511 non
2152 1448 2375 1528 potest,
2432 1467 2542 1512 cur
2588 1448 2698 1512 hoc
2743 1447 2875 1512 loco

593 1578 602 1588 '
664 1573 1186 1638 commemoretur
1241 1565 1494 1647 ephetas
1539 1584 1570 1628 e
1626 1565 1935 1630 nobilium
1980 1565 2199 1630 ordine
2252 1567 2406 1650 eligi
2451 1568 2746 1650 oportere.
2797 1603 2869 1614 --

672 1689 1172 1775 Exspectandum
1219 1684 1375 1760 erat,
1422 1684 1495 1748 ut
1540 1685 1655 1748 hoc
1703 1685 1832 1750 loco
1876 1684 2172 1766 quiddam
2204 1687 2277 1752 de
2306 1687 2706 1770 phratoribus
2743 1688 2878 1754 illis

631 1813 883 1900 ⁴decem
927 1811 1063 1892 lege
1107 1806 1580 1891 praeciperetur,

847 1929 1014 1994 Haec
1069 1947 1250 1993 causa
1310 1928 1455 2002 fuit,
1515 1945 1623 1990 cur
1682 1925 1971 1991 Reiskius
1985 1929 2037 2002 ³)
2094 1923 2364 1997 τούτους
2408 1929 2731 2006 coniceret,
2776 1929 2879 1994 cui

669 2055 884 2136 postea
930 2051 1057 2115 fere
1102 2067 1314 2113 omnes
1355 2047 1601 2112 adsensi
1646 2049 1814 2112 sunt.
1904 2049 2003 2112 lta
2047 2047 2183 2130 lege
2226 2046 2521 2125 sancitur,
2564 2049 2637 2112 ut
2670 2047 2877 2112 decem

670 2174 778 2239 illi
835 2173 1158 2256 phratores
1203 2189 1271 2233 cx
1316 2168 1785 2250 eupatridarum
1827 2184 2083 2232 numero
2126 2167 2206 2231 ab
2258 2165 2497 2250 ephetis
2535 2167 2877 2250 eligantur.

851 2293 940 2356 De
985 2291 1100 2355 hac
1144 2289 1297 2373 lege,
1345 2289 1413 2353 in
1458 2285 1803 2352 orationem
1847 2288 1989 2352 adv.
2036 2287 2193 2352 Mac.
2241 2287 2501 2364 inserta,
2531 2289 2880 2352 controver-

674 2414 770 2478 sia
824 2412 968 2486 fuit,
1027 2410 1243 2474 utrum
1287 2426 1432 2472 vera
1475 2407 1637 2472 esset
1682 2406 1780 2470 lex
1823 2426 1904 2471 an
1949 2407 2127 2486 falsa,
2173 2427 2210 2472 a
2253 2407 2516 2490 posteris
2560 2381 2916 2490 scriptori-⁶

677 2533 792 2598 bus
857 2531 1135 2596 conficta.
1229 2528 1498 2594 Valebat
1563 2525 1733 2592 enim
1790 2525 1857 2589 in
1916 2526 2278 2592 universum
2338 2513 2881 2607 Westermanni⁴)

668 2651 885 2734 opinio
910 2650 1156 2714 ”omnes
1179 2649 1306 2714 fere
1328 2649 1516 2732 legeS‚
1551 2646 1822 2724 litterae,
1846 2647 1986 2711 acta
2008 2646 2281 2731 publica.
2304 2665 2459 2729 quae
2480 2648 2643 2730 apud
2668 2650 2875 2714 orato-

677 2788 774 2834 res
809 2767 1056 2834 Atticos
1086 2769 1514 2846 inveniantur,
1541 2765 1861 2849 supposita
1891 2767 2136 2846 esse”⁵).
2185 2766 2278 2832 Ob
2309 2787 2443 2832 eam
2477 2785 2626 2844 rem,
2652 2786 2875 2849 quam-

669 2909 860 2972 quam
912 2891 1009 2954 lex
1053 2891 1190 2967 illa,
1237 2889 1292 2952 si
1336 2887 1589 2952 omnino
1634 2885 1762 2950 iam
1794 2889 1932 2950 tum
1963 2889 2133 2952 certa
2162 2887 2399 2969 fuisset,
2433 2887 2675 2970 copiam
2702 2907 2880 2970 prae-

680 3010 915 3074 buisset
959 3009 1028 3073 in
1073 3008 1352 3072 Pollucis
1399 3005 1585 3072 verba
1630 3006 1901 3088 impetus
1944 3006 2233 3084 faciendi,
2282 3006 2467 3083 nihil,
2512 3008 2585 3071 ut
2615 3026 2711 3072 res
2740 3009 2881 3073 tum

668 3133 879 3202 erant.
926 3129 1083 3194 certi
1127 3128 1486 3212 argumenti
1530 3127 1598 3190 in
1633 3145 1696 3192 se
1728 3126 2015 3202 habebat,
2040 3144 2160 3208 quo
2181 3125 2406 3190 Pollux
2429 3127 2634 3192 refelli
2657 3129 2880 3210 posset.

854 3251 1017 3315 Tum
1083 3258 1292 3315 autem
1349 3247 1623 3312 subsidio
1668 3245 1923 3310 advenit
1967 3245 2129 3328 lapis
2172 3247 2424 3329 quidam
2471 3267 2871 3319 marmoreus,

673 3371 916 3436 litteris
963 3369 1320 3451 inscriptus.
1409 3368 1713 3433 Inventus
1762 3368 1894 3432 iam
1949 3365 2189 3432 dudum
2244 3368 2379 3432 erat
2432 3367 2545 3433 ille
2597 3368 2761 3450 lapis
2812 3388 2866 3433 a.

685 3495 849 3560 1843
895 3493 973 3556 ad
1012 3491 1330 3557 ecclesiam
1371 3489 1922 3572 Metropolitanam
1965 3489 2375 3556 Athenarum.
2443 3491 2724 3558 Pittakis
2747 3492 2880 3556 eius

879 3684 935 3747 1)
990 3679 1162 3750 Leges
1207 3677 1434 3740 Atticae,
1475 3676 1559 3731 ed.
1607 3675 1921 3746 Wesseling,
1968 3675 2137 3747 Lugd.
2173 3676 2292 3732 Bat.
2334 3679 2489 3742 1742,
2528 3697 2576 3750 p.
2616 3679 2721 3734 624
2758 3679 2878 3746 (Ed.

676 3787 760 3841 pr.
797 3771 952 3825 Paris
990 3770 1168 3833 1635).

880 3859 938 3925 2)
995 3857 1140 3911 Idem
1180 3855 1358 3917 Meier‚
1400 3855 1478 3908 De
1515 3854 1824 3925 gentilitate
1860 3853 2059 3919 Attica,
2097 3855 2254 3909 1835.

880 3949 938 4010 3)
996 3945 1276 3999 Oratorum
1314 3943 1649 4005 Graecorum,
1688 3957 1907 4012 quorum
1947 3943 2185 4013 princeps
2211 3947 2293 3996 est
2320 3943 2717 4006 Demosthenes,
2738 3961 2872 4014 quae

669 4053 880 4107 supere.
920 4037 1258 4089 monumenta
1293 4032 1509 4102 ingenii,
1549 4030 1632 4085 ed.
1667 4029 1719 4084 J.
1757 4028 1950 4092 Reisk„
2005 4029 2107 4083 XII
2148 4031 2282 4084 Voll.
2321 4029 2463 4100 Lips.
2505 4032 2871 4086 1770-1775.

880 4111 938 4189 4')
995 4123 1058 4176 A.
1096 4121 1482 4184 Westermann,
1537 4117 2017 4187 Untersuehungen
2072 4119 2203 4172 liber
2248 4119 2333 4173 die
2380 4120 2432 4174 in
2470 4118 2555 4174 die
2596 4121 2875 4175 Attischen

670 4213 888 4268 Redner
926 4211 1262 4280 eingelegten
1301 4207 1611 4270 Urkunden,
1646 4205 1869 4276 Leipzig
1908 4207 2060 4259 1850.

879 4303 936 4363 5)
995 4299 1060 4354 H.
1101 4297 1250 4362 Save,
1294 4297 1444 4360 1862,
1484 4314 1532 4366 p.
1573 4295 1661 4348 61.
