3242 5042
2370 411 2455 470 25

228 625 252 652 u
346 560 476 624 tem
517 561 583 624 et
623 559 948 641 aliquanto
991 560 1268 640 tempore
1319 561 1460 642 post
1511 562 1877 642 usurpatam
1918 579 2049 624 esse
2090 563 2353 639 constat,
2399 581 2539 628 ver-

351 680 498 745 bum
583 680 856 751 τούτους
927 681 1232 762 scriptum
1305 682 1402 745 est
1485 701 1584 749 To
1594 699 1829 758 ῬΤΟΣ,
1917 681 2080 763 quod
2144 681 2214 746 in
2280 683 2541 748 verbum

354 816 703 868 ΤΟΥΤΟΙΣ
743 801 982 865 vertere
1021 801 1206 865 facile
1249 801 1472 883 potuit,
1527 801 1895 884 praesertim
1946 821 2112 880 cum,
2178 804 2539 886 posteriori-

352 920 460 983 bus
503 921 904 1003 temporibus,
948 940 1066 985 usu
1107 921 1238 986 iam
1283 922 1572 986 stabilito
1603 959 1683 968 -—
1715 925 1855 1004 post
1899 924 2026 988 350
2066 943 2122 988 a.
2170 921 2315 988 Chr.
2360 945 2423 988 n.
2454 963 2536 974 —

354 1059 460 1110 01³
510 1060 620 1123 pro
677 1043 882 1106 vetere
926 1063 973 1111 ο
1029 1043 1360 1119 scribendi,
1414 1043 1600 1108 facile
1654 1044 1795 1126 quis
1844 1044 2088 1109 credere
2140 1048 2365 1127 posset,
2423 1047 2537 1110 ubi

352 1181 400 1229 ο
454 1163 712 1242 videret,
777 1164 872 1228 ibi
943 1183 1031 1232 01
1087 1164 1423 1247 legendum
1487 1183 1617 1229 esse
1634 1165 1705 1248 ¹).
1824 1165 2081 1230 Etenim
2150 1185 2389 1232 necesse
2440 1170 2537 1232 est

347 1283 514 1366 leges
553 1284 700 1348 illas
741 1285 810 1348 in
855 1285 1164 1350 orationes
1203 1305 1238 1350 6
1279 1285 1753 1350 collectionibus
1778 1287 1991 1370 legum
2021 1287 2392 1369 quibusdam
2436 1289 2537 1352 in-

344 1406 542 1468 sertas
586 1423 714 1470 esse
753 1424 910 1488 quae
948 1405 1396 1488 posterioribus
1447 1407 1835 1488 temporibus
1876 1408 2185 1474 confectae
2224 1411 2407 1474 erant
2452 1447 2533 1456 —-

339 1543 390 1589 e.
436 1545 531 1609 gr.
571 1545 980 1593 commemoro
1023 1525 1266 1594 Crateri
1315 1529 1773 1613 ψηφισμάτων
1816 1529 2219 1616 συναγωγήν.

515 1649 832 1713 Incertum
875 1651 990 1730 est,
1034 1649 1174 1732 quis
1217 1649 1410 1714 fuerit
1447 1652 1665 1714 auctor
1706 1650 1919 1714 mendi
1960 1650 2170 1728 illius;
2214 1653 2371 1716 satis
2414 1653 2537 1717 erit

344 1768 812 1848 demonstrasse,
857 1789 976 1852 quo
1019 1771 1201 1835 modo
1243 1772 1500 1836 verbum
1541 1769 1798 1843 τούτοις
1824 1791 1935 1854 pro
1962 1771 2235 1845 τούτους
2262 1774 2537 1855 potuerit

342 1907 414 1952 ex
475 1889 878 1972 inscriptione
941 1892 1216 1974 primum
1277 1893 1346 1956 in
1410 1893 1835 1957 collectionem
1894 1893 2109 1976 legum
2164 1895 2535 1978 quamlibet,

341 2010 562 2075 deinde
625 2012 695 2077 in
759 2012 1102 2078 orationem
1165 2013 1877 2078 Pseudo-Demosthenis
1942 2014 2226 2097 irrepere,
2306 2016 2407 2080 vel
2466 2017 2535 2080 in

338 2133 854 2198 commentarium
926 2135 1233 2216 quendam
1297 2135 1633 2212 oratorum,
1709 2135 1883 2198 velut
1948 2134 2230 2218 Didymi,
2298 2137 2397 2201 vel
2463 2137 2533 2201 in

339 2253 574 2318 lexicon
611 2254 940 2336 quoddam,
986 2256 1158 2319 velut
1201 2255 1536 2337 Pamphili.

507 2371 681 2450 Quod
747 2376 802 2440 si
866 2374 1122 2448 τούτοις
1174 2377 1244 2440 16
1297 2377 1436 2459 1686
1480 2377 1785 2458 scriptum
1830 2377 2177 2454 videbatur,
2228 2379 2529 2460 quomodo

339 2494 452 2560 hoc
506 2497 764 2560 verbum
821 2497 1316 2580 intellegendum
1362 2499 1496 2562 erat
1541 2498 1669 2562 nisi
1724 2497 1838 2562 ”ab
1880 2498 2017 2562 his”
2060 2499 2159 2562 vel
2206 2500 2351 2581 ”pro
2394 2500 2528 2564 his”

342 2616 440 2680 vel
485 2615 654 2680 ”his”
695 2618 892 2701 (dat.)
911 2620 942 2681 Ρ
1031 2617 1188 2682 Tum
1250 2620 1460 2683 autem
1517 2638 1756 2684 necesse
1798 2622 1934 2684 erat
1976 2620 2345 2705 αἱρείσθων
2387 2641 2529 2704 pas-

337 2736 469 2800 sive
510 2737 1013 2822 intellegeretur:
1057 2740 1375 2824 eliguntor
1391 2740 1468 2823 ²).
1545 2737 1679 2817 Quo
1722 2740 1857 2805 fieri
1899 2743 2163 2824 poterat,
2210 2743 2283 2806 ut
2332 2743 2525 2825 scrip-

335 2859 436 2922 tor
501 2858 754 2940 quidam
818 2861 1094 2926 traderet
1158 2861 1410 2943 ephetas
1461 2861 1653 2924 fuisse
1706 2856 2090 2948 ἀριστίνδην
2144 2863 2531 2947 αἱρεθέντας

337 2979 586 3061 eiusque
631 2981 818 3045 verba
859 2985 1071 3046 auctor
1115 2981 1392 3045 Pollucis
1405 2983 1465 3064 ³)
1507 2981 1890 3047 exscriberet.

507 3099 629 3164 His
683 3102 1035 3184 perspectiS‚
1090 3121 1232 3166 cum
1287 3102 1416 3166 iam
1464 3103 1960 3167 demonstratum
2004 3105 2091 3168 sit
2136 3103 2391 3178 τούτοις
2434 3106 2526 3170 16-

335 3221 432 3304 gis
497 3221 676 3285 illius
741 3224 981 3304 saepius
1030 3225 1544 3306 commemoratae
1596 3224 1833 3288 efficere
1876 3225 2165 3306 potuisse,
2212 3227 2285 3289 ut
2326 3244 2525 3290 enun-

332 3341 494 3406 tiato
557 3342 703 3406 illo:
769 3342 1028 3415 τούτοις
1091 3341 1164 3407 de
1227 3343 1300 3406 οἱ
1359 3345 1769 3431 πεντήκοντα
1833 3345 1943 3409 καὶ
1997 3332 2093 3418 εἷς
2142 3345 2527 3433 ἀριστίνδην

518 3546 574 3611 1)
608 3546 858 3610 Koehler‚
895 3547 930 3602 l.
965 3548 1019 3610 1.,
1059 3565 1178 3618 pag.
1215 3549 1312 3605 331
1349 3549 1630 3620 ”Dagegen
1668 3551 1870 3620 spricht
1906 3550 2051 3605 Alles
2087 3551 2257 3614 (instit,
2294 3551 2416 3606 dass
2451 3553 2525 3608 im

332 3633 634 3704 Folgenden
687 3633 929 3710 τούτους,
983 3637 1080 3690 wie
1126 3653 1249 3690 man
1292 3637 1378 3692 bei
1423 3637 1807 3694 Demosthenes
1845 3643 1981 3693 statt
2016 3637 2234 3694 τοῦτοις
2279 3641 2525 3710 corrigirt

334 3722 443 3785 hat,
480 3722 574 3776 auf
605 3723 726 3778 dem
763 3724 941 3778 Steine
977 3724 1217 3778 wirklich
1256 3726 1549 3795 gestanden
1597 3726 1748 3790 habe,
1795 3728 1930 3780 auch
1967 3727 2084 3782 hier
2120 3728 2215 3781 hat
2250 3728 2523 3782 vielleicbt

332 3808 418 3862 die
456 3811 872 3866 voreuklidische
909 3811 1299 3882 Ortbographie
1335 3813 1434 3867 den
1471 3813 1665 3868 Fehler
1700 3807 2043 3868 vex-anlasst.'’¹

506 3897 565 3963 2)
600 3897 675 3952 Ut
709 3899 849 3952 inter
885 3901 1202 3955 recentiores
1245 3901 1456 3955 Potitus
1511 3900 1657 3967 (vide
1705 3919 1822 3972 pag.
1867 3903 1985 3968 20):
2042 3901 2132 3957 ”ex
2176 3903 2522 3972 optimatibus

331 3983 460 4054 eligi
495 3985 684 4039 debere
721 3987 941 4056 ephetas
978 3989 1120 4042 cavit
1155 3988 1254 4042 hac
1289 3989 1406 4059 1686
1445 3989 1661 4043 Draco.”

503 4072 563 4136 3)
600 4072 942 4140 Stoientinus‚
978 4075 1014 4129 l.
1050 4075 1087 4128 l.
1123 4093 1175 4146 p.
1212 4075 1270 4128 6:
1307 4076 1458 4130 ”nam
1494 4077 1573 4130 ita
1607 4093 1814 4146 quoque
1849 4075 2115 4131 interdum
2152 4094 2235 4131 res
2268 4081 2353 4130 est
2376 4093 2517 4131 com·

328 4163 528 4230 parata,
572 4165 635 4214 ut
668 4160 920 4216 Pollucea
959 4164 1042 4216 vix
1077 4163 1234 4218 aliter
1269 4167 1428 4232 atque
1467 4167 1751 4218 coniuncta
1788 4164 2133 4233 complurium
2172 4181 2329 4234 opera
2366 4181 2395 4217 e
2432 4180 2520 4216 ve·

327 4247 487 4301 tustis
523 4248 868 4318 scriptoribus
905 4250 1180 4320 depravari
1217 4252 1450 4320 potuisse
1487 4250 1813 4306 videantur*-
