<?xml version="1.0" encoding="UTF-8"?>
<!DOCTYPE html PUBLIC "-//W3C//DTD XHTML 1.0 Transitional//EN"
    "http://www.w3.org/TR/xhtml1/DTD/xhtml1-transitional.dtd">
<html xmlns="http://www.w3.org/1999/xhtml" xml:lang="en" lang="en">
 <head>
  <title>
</title>
<meta http-equiv="Content-Type" content="text/html;charset=utf-8" />
  <meta name='ocr-system' content='tesseract 3.04.00' />
  <meta name='ocr-capabilities' content='ocr_page ocr_carea ocr_par ocr_line ocrx_word'/>
</head>
<body>
  <div class='ocr_page' id='page_1' title='image "./deephetarumathe00stgoog_0055.png"; bbox 0 0 3242 5042; ppageno 0'>
   <div class='ocr_carea' id='block_1_1' title="bbox 2369 447 2449 504">
    <p class='ocr_par' dir='ltr' id='par_1_1' title="bbox 2369 447 2449 504">
     <span class='ocr_line' id='line_1_1' title="bbox 2369 447 2449 504; baseline 0 0"><span class='ocrx_word' id='word_1_1' title='bbox 2369 447 2449 504; x_wconf 85' lang='lat'><strong>47</strong></span> 
     </span>
    </p>
   </div>
   <div class='ocr_carea' id='block_1_2' title="bbox 337 619 2604 2910">
    <p class='ocr_par' dir='ltr' id='par_1_2' title="bbox 337 619 2604 1574">
     <span class='ocr_line' id='line_1_2' title="bbox 343 619 2540 720; baseline -0 -25"><span class='ocrx_word' id='word_1_2' title='bbox 343 629 423 702; x_wconf 75' lang='grc' dir='ltr'><strong>ὃν</strong></span> <span class='ocrx_word' id='word_1_3' title='bbox 467 633 724 716; x_wconf 80' lang='grc' dir='ltr'><strong><em>τρόπον</em></strong></span> <span class='ocrx_word' id='word_1_4' title='bbox 769 634 1023 710; x_wconf 80' lang='grc' dir='ltr'><strong><em>διέταξε</em></strong></span> <span class='ocrx_word' id='word_1_5' title='bbox 1067 632 1188 720; x_wconf 83' lang='grc' dir='ltr'><strong>τὴν</strong></span> <span class='ocrx_word' id='word_1_6' title='bbox 1232 631 1434 696; x_wconf 85' lang='grc' dir='ltr'><strong><em>πόλιν</em></strong></span> <span class='ocrx_word' id='word_1_7' title='bbox 1479 628 1516 695; x_wconf 84' lang='grc' dir='ltr'><em>ὃ</em></span> <span class='ocrx_word' id='word_1_8' title='bbox 1562 631 1813 696; x_wconf 81' lang='grc' dir='ltr'><strong><em>Σόλων·</em></strong></span> <span class='ocrx_word' id='word_1_9' title='bbox 1863 629 2069 714; x_wconf 79' lang='grc' dir='ltr'><strong><em>φυλαὶ</em></strong></span> <span class='ocrx_word' id='word_1_10' title='bbox 2099 630 2171 696; x_wconf 84' lang='grc' dir='ltr'><strong>δὲ</strong></span> <span class='ocrx_word' id='word_1_11' title='bbox 2202 619 2370 718; x_wconf 81' lang='grc' dir='ltr'><strong><em>ἦσαν</em></strong></span> <span class='ocrx_word' id='word_1_12' title='bbox 2399 635 2540 695; x_wconf 82' lang='grc' dir='ltr'><strong><em>τέσ-</em></strong></span> 
     </span>
     <span class='ocr_line' id='line_1_3' title="bbox 345 751 2542 840; baseline -0.001 -21"><span class='ocrx_word' id='word_1_13' title='bbox 345 772 541 839; x_wconf 83' lang='grc' dir='ltr'><strong><em>σαρες</em></strong></span> <span class='ocrx_word' id='word_1_14' title='bbox 596 753 909 839; x_wconf 83' lang='grc' dir='ltr'><strong><em>καθάπερ</em></strong></span> <span class='ocrx_word' id='word_1_15' title='bbox 955 752 1283 840; x_wconf 85' lang='grc' dir='ltr'><strong><em>πρότερον</em></strong></span> <span class='ocrx_word' id='word_1_16' title='bbox 1327 751 1436 817; x_wconf 84' lang='grc' dir='ltr'><strong>καὶ</strong></span> <span class='ocrx_word' id='word_1_17' title='bbox 1483 753 1950 837; x_wconf 77' lang='grc' dir='ltr'><strong><em>φυλοβασιλεῖς</em></strong></span> <span class='ocrx_word' id='word_1_18' title='bbox 1993 755 2320 837; x_wconf 82' lang='grc' dir='ltr'><strong><em>τέσσαρες·</em></strong></span> <span class='ocrx_word' id='word_1_19' title='bbox 2368 752 2439 816; x_wconf 81' lang='grc' dir='ltr'><strong>ἐκ</strong></span> <span class='ocrx_word' id='word_1_20' title='bbox 2470 751 2542 817; x_wconf 76' lang='grc' dir='ltr'><strong>δὲ</strong></span> 
     </span>
     <span class='ocr_line' id='line_1_4' title="bbox 337 865 2538 964; baseline -0.001 -24"><span class='ocrx_word' id='word_1_21' title='bbox 337 879 455 962; x_wconf 79' lang='grc' dir='ltr'><strong>τῆς</strong></span> <span class='ocrx_word' id='word_1_22' title='bbox 524 876 737 963; x_wconf 84' lang='grc' dir='ltr'><strong><em>φυλῆς</em></strong></span> <span class='ocrx_word' id='word_1_23' title='bbox 799 874 1076 964; x_wconf 77' lang='grc' dir='ltr'><em>ἑκάστης</em></span> <span class='ocrx_word' id='word_1_24' title='bbox 1141 865 1310 963; x_wconf 79' lang='grc' dir='ltr'><strong><em>ἦσαν</em></strong></span> <span class='ocrx_word' id='word_1_25' title='bbox 1364 877 1793 960; x_wconf 77' lang='grc' dir='ltr'><strong><em>νενεμημέναι</em></strong></span> <span class='ocrx_word' id='word_1_26' title='bbox 1848 875 2139 957; x_wconf 80' lang='grc' dir='ltr'><strong><em>τριττύες</em></strong></span> <span class='ocrx_word' id='word_1_27' title='bbox 2180 873 2303 955; x_wconf 82' lang='grc' dir='ltr'><strong>μὲν</strong></span> <span class='ocrx_word' id='word_1_28' title='bbox 2343 881 2538 958; x_wconf 80' lang='grc' dir='ltr'><strong><em>τρεῖς,</em></strong></span> 
     </span>
     <span class='ocr_line' id='line_1_5' title="bbox 341 992 2604 1085; baseline -0.003 -21"><span class='ocrx_word' id='word_1_29' title='bbox 341 1000 729 1082; x_wconf 85' lang='grc' dir='ltr'><strong><em>ναυκραρίαι</em></strong></span> <span class='ocrx_word' id='word_1_30' title='bbox 774 997 846 1063; x_wconf 84' lang='grc' dir='ltr'><strong>δὲ</strong></span> <span class='ocrx_word' id='word_1_31' title='bbox 889 997 1138 1062; x_wconf 80' lang='grc' dir='ltr'><strong><em>δώδεκα</em></strong></span> <span class='ocrx_word' id='word_1_32' title='bbox 1183 992 1647 1085; x_wconf 79' lang='grc' dir='ltr'><strong><em>καθ’ἑκάστην.</em></strong></span> <span class='ocrx_word' id='word_1_33' title='bbox 1722 1000 1779 1061; x_wconf 88' lang='lat' dir='ltr'><strong><em>O</em></strong></span> <span class='ocrx_word' id='word_1_34' title='bbox 1823 996 2188 1082; x_wconf 83' lang='grc' dir='ltr'><strong><em>Κλείδημος</em></strong></span> <span class='ocrx_word' id='word_1_35' title='bbox 2230 995 2302 1061; x_wconf 83' lang='grc' dir='ltr'><strong>δὲ</strong></span> <span class='ocrx_word' id='word_1_36' title='bbox 2346 995 2417 1060; x_wconf 78' lang='grc' dir='ltr'><strong>ἐν</strong></span> <span class='ocrx_word' id='word_1_37' title='bbox 2461 997 2543 1083; x_wconf 79' lang='grc' dir='ltr'><strong>τῇ</strong></span> <span class='ocrx_word' id='word_1_38' title='bbox 2602 1036 2604 1038; x_wconf 88' lang='grc'>-</span> 
     </span>
     <span class='ocr_line' id='line_1_6' title="bbox 345 1113 2542 1206; baseline -0.001 -23"><span class='ocrx_word' id='word_1_39' title='bbox 345 1121 528 1206; x_wconf 80' lang='grc' dir='ltr'><strong><em>τρίτῃ</em></strong></span> <span class='ocrx_word' id='word_1_40' title='bbox 583 1119 816 1206; x_wconf 83' lang='grc' dir='ltr'><strong><em>φησὶν,</em></strong></span> <span class='ocrx_word' id='word_1_41' title='bbox 862 1113 964 1184; x_wconf 78' lang='grc' dir='ltr'><strong>ὅτι</strong></span> <span class='ocrx_word' id='word_1_42' title='bbox 1008 1120 1448 1192; x_wconf 72' lang='grc' dir='ltr'><strong><em>Κλεισθένους</em></strong></span> <span class='ocrx_word' id='word_1_43' title='bbox 1490 1119 1647 1182; x_wconf 80' lang='grc' dir='ltr'><strong><em>δέκα</em></strong></span> <span class='ocrx_word' id='word_1_44' title='bbox 1694 1115 1907 1202; x_wconf 80' lang='grc' dir='ltr'><strong><em>φυλὰς</em></strong></span> <span class='ocrx_word' id='word_1_45' title='bbox 1950 1117 2354 1203; x_wconf 86' lang='grc' dir='ltr'><strong><em>ποιήσαντος</em></strong></span> <span class='ocrx_word' id='word_1_46' title='bbox 2396 1113 2542 1181; x_wconf 78' lang='grc' dir='ltr'><strong><em>ἀντὶ</em></strong></span> 
     </span>
     <span class='ocr_line' id='line_1_7' title="bbox 345 1238 2542 1328; baseline -0 -24"><span class='ocrx_word' id='word_1_47' title='bbox 345 1243 473 1306; x_wconf 74' lang='grc' dir='ltr'><strong>τῶν</strong></span> <span class='ocrx_word' id='word_1_48' title='bbox 529 1241 864 1327; x_wconf 84' lang='grc' dir='ltr'><strong><em>τεσσάρων</em></strong></span> <span class='ocrx_word' id='word_1_49' title='bbox 908 1245 1150 1328; x_wconf 83' lang='grc' dir='ltr'><strong><em>συνέβη</em></strong></span> <span class='ocrx_word' id='word_1_50' title='bbox 1197 1239 1306 1304; x_wconf 81' lang='grc' dir='ltr'><strong>καὶ</strong></span> <span class='ocrx_word' id='word_1_51' title='bbox 1351 1238 1446 1314; x_wconf 82' lang='grc' dir='ltr'><strong>εἰς</strong></span> <span class='ocrx_word' id='word_1_52' title='bbox 1489 1239 1895 1326; x_wconf 79' lang='grc' dir='ltr'><strong><em>πεντήκοντα</em></strong></span> <span class='ocrx_word' id='word_1_53' title='bbox 1938 1242 2106 1325; x_wconf 81' lang='grc' dir='ltr'><strong><em>μέρη</em></strong></span> <span class='ocrx_word' id='word_1_54' title='bbox 2138 1240 2542 1326; x_wconf 80' lang='grc' dir='ltr'><strong><em>διαταγῆναι·</em></strong></span> 
     </span>
     <span class='ocr_line' id='line_1_8' title="bbox 343 1355 2540 1448; baseline 0 -22"><span class='ocrx_word' id='word_1_55' title='bbox 343 1364 546 1428; x_wconf 83' lang='grc' dir='ltr'><strong><em>ταῦτα</em></strong></span> <span class='ocrx_word' id='word_1_56' title='bbox 566 1365 614 1438; x_wconf 82' lang='lat'><strong>¹)</strong></span> <span class='ocrx_word' id='word_1_57' title='bbox 668 1363 741 1429; x_wconf 80' lang='grc' dir='ltr'><strong>δὲ</strong></span> <span class='ocrx_word' id='word_1_58' title='bbox 795 1364 1070 1429; x_wconf 78' lang='grc' dir='ltr'><strong><em>ἐκάλουν</em></strong></span> <span class='ocrx_word' id='word_1_59' title='bbox 1122 1365 1597 1448; x_wconf 58' lang='grc' dir='ltr'><strong><em>ναυκραρίαςῖ),</em></strong></span> <span class='ocrx_word' id='word_1_60' title='bbox 1669 1355 1893 1445; x_wconf 73' lang='grc' dir='ltr'><strong><em>ὥσπερ</em></strong></span> <span class='ocrx_word' id='word_1_61' title='bbox 1951 1364 2069 1427; x_wconf 84' lang='grc' dir='ltr'><strong>νῦν</strong></span> <span class='ocrx_word' id='word_1_62' title='bbox 2126 1361 2221 1436; x_wconf 81' lang='grc' dir='ltr'><strong>εἰς</strong></span> <span class='ocrx_word' id='word_1_63' title='bbox 2263 1361 2343 1426; x_wconf 80' lang='grc' dir='ltr'><strong>τὰ</strong></span> <span class='ocrx_word' id='word_1_64' title='bbox 2388 1365 2540 1426; x_wconf 82' lang='grc' dir='ltr'><strong><em>ἑκα-</em></strong></span> 
     </span>
     <span class='ocr_line' id='line_1_9' title="bbox 345 1479 1892 1574; baseline 0.001 -26"><span class='ocrx_word' id='word_1_65' title='bbox 345 1484 460 1549; x_wconf 84' lang='grc' dir='ltr'><strong>τὸν</strong></span> <span class='ocrx_word' id='word_1_66' title='bbox 503 1490 671 1574; x_wconf 84' lang='grc' dir='ltr'><strong><em>μέρη</em></strong></span> <span class='ocrx_word' id='word_1_67' title='bbox 716 1487 1136 1571; x_wconf 77' lang='grc' dir='ltr'><strong><em>διαιρεθέντα</em></strong></span> <span class='ocrx_word' id='word_1_68' title='bbox 1182 1485 1456 1550; x_wconf 85' lang='grc' dir='ltr'><strong><em>καλοῦσι</em></strong></span> <span class='ocrx_word' id='word_1_69' title='bbox 1501 1479 1892 1570; x_wconf 59' lang='grc' dir='ltr'><strong><em>συμμορίαςς</em></strong></span> 
     </span>
    </p>

    <p class='ocr_par' dir='ltr' id='par_1_3' title="bbox 345 1577 2547 2422">
     <span class='ocr_line' id='line_1_10' title="bbox 520 1577 2541 1705; baseline -0 -33"><span class='ocrx_word' id='word_1_70' title='bbox 520 1607 706 1674; x_wconf 77' lang='lat' dir='ltr'><strong>Hunc</strong></span> <span class='ocrx_word' id='word_1_71' title='bbox 749 1607 966 1674; x_wconf 78' lang='lat' dir='ltr'><strong>Photii</strong></span> <span class='ocrx_word' id='word_1_72' title='bbox 1011 1608 1210 1705; x_wconf 74' lang='lat' dir='ltr'><strong>locum</strong></span> <span class='ocrx_word' id='word_1_73' title='bbox 1257 1626 1329 1674; x_wconf 75' lang='lat' dir='ltr'><strong>ex</strong></span> <span class='ocrx_word' id='word_1_74' title='bbox 1355 1577 1719 1674; x_wconf 71' lang='lat' dir='ltr'><strong>Aristotelis</strong></span> <span class='ocrx_word' id='word_1_75' title='bbox 1755 1607 2121 1680; x_wconf 67' lang='grc' dir='ltr'><strong>πολιτείαις</strong></span> <span class='ocrx_word' id='word_1_76' title='bbox 2143 1607 2541 1690; x_wconf 75' lang='lat' dir='ltr'><strong>repetendum</strong></span> 
     </span>
     <span class='ocr_line' id='line_1_11' title="bbox 345 1729 2537 1812; baseline 0 -18"><span class='ocrx_word' id='word_1_77' title='bbox 345 1747 472 1794; x_wconf 84' lang='lat' dir='ltr'><strong>esse</strong></span> <span class='ocrx_word' id='word_1_78' title='bbox 525 1730 798 1812; x_wconf 80' lang='lat' dir='ltr'><strong>apparet.</strong></span> <span class='ocrx_word' id='word_1_79' title='bbox 873 1729 1234 1794; x_wconf 82' lang='lat' dir='ltr'><strong>Aristotelis</strong></span> <span class='ocrx_word' id='word_1_80' title='bbox 1277 1729 1441 1794; x_wconf 89' lang='lat' dir='ltr'><strong>enim</strong></span> <span class='ocrx_word' id='word_1_81' title='bbox 1491 1729 1867 1794; x_wconf 88' lang='lat' dir='ltr'><strong>mentionem</strong></span> <span class='ocrx_word' id='word_1_82' title='bbox 1916 1729 2013 1795; x_wconf 89' lang='lat' dir='ltr'><strong>bis</strong></span> <span class='ocrx_word' id='word_1_83' title='bbox 2058 1729 2190 1795; x_wconf 90' lang='lat' dir='ltr'><strong>fieri</strong></span> <span class='ocrx_word' id='word_1_84' title='bbox 2236 1729 2537 1794; x_wconf 78' lang='lat' dir='ltr'><strong>videmus,</strong></span> 
     </span>
     <span class='ocr_line' id='line_1_12' title="bbox 349 1849 2543 1934; baseline 0 -20"><span class='ocrx_word' id='word_1_85' title='bbox 349 1849 556 1932; x_wconf 85' lang='lat' dir='ltr'><strong>Atque</strong></span> <span class='ocrx_word' id='word_1_86' title='bbox 599 1851 674 1914; x_wconf 90' lang='lat' dir='ltr'><strong>ut</strong></span> <span class='ocrx_word' id='word_1_87' title='bbox 717 1849 880 1933; x_wconf 83' lang='lat' dir='ltr'><strong>apud</strong></span> <span class='ocrx_word' id='word_1_88' title='bbox 924 1850 1222 1915; x_wconf 87' lang='lat' dir='ltr'><strong>Photium</strong></span> <span class='ocrx_word' id='word_1_89' title='bbox 1269 1851 1406 1932; x_wconf 90' lang='lat' dir='ltr'><strong>post</strong></span> <span class='ocrx_word' id='word_1_90' title='bbox 1447 1852 1843 1934; x_wconf 86' lang='grc' dir='ltr'><strong><em>ναυκραρίας</em></strong></span> <span class='ocrx_word' id='word_1_91' title='bbox 1886 1850 2227 1933; x_wconf 84' lang='lat' dir='ltr'><strong>descriptas</strong></span> <span class='ocrx_word' id='word_1_92' title='bbox 2272 1849 2543 1915; x_wconf 82' lang='lat' dir='ltr'><strong>mutatio</strong></span> 
     </span>
     <span class='ocr_line' id='line_1_13' title="bbox 347 1969 2543 2055; baseline 0 -19"><span class='ocrx_word' id='word_1_93' title='bbox 347 1991 384 2036; x_wconf 80' lang='lat' dir='ltr'>a</span> <span class='ocrx_word' id='word_1_94' title='bbox 430 1969 750 2036; x_wconf 85' lang='lat' dir='ltr'><strong>Clisthene</strong></span> <span class='ocrx_word' id='word_1_95' title='bbox 805 1971 972 2036; x_wconf 84' lang='lat' dir='ltr'><strong>facta</strong></span> <span class='ocrx_word' id='word_1_96' title='bbox 1015 1973 1552 2047; x_wconf 79' lang='lat' dir='ltr'><strong>commemoratur,</strong></span> <span class='ocrx_word' id='word_1_97' title='bbox 1600 1973 1693 2038; x_wconf 81' lang='lat' dir='ltr'><strong>ita</strong></span> <span class='ocrx_word' id='word_1_98' title='bbox 1736 1972 1897 2055; x_wconf 84' lang='lat' dir='ltr'><strong>apud</strong></span> <span class='ocrx_word' id='word_1_99' title='bbox 1939 1972 2345 2038; x_wconf 80' lang='lat' dir='ltr'><strong>Aristotelem</strong></span> <span class='ocrx_word' id='word_1_100' title='bbox 2389 1989 2543 2052; x_wconf 89' lang='lat' dir='ltr'><strong>quo-</strong></span> 
     </span>
     <span class='ocr_line' id='line_1_14' title="bbox 346 2091 2539 2178; baseline 0.001 -22"><span class='ocrx_word' id='word_1_101' title='bbox 346 2110 464 2174; x_wconf 87' lang='lat' dir='ltr'><strong>que</strong></span> <span class='ocrx_word' id='word_1_102' title='bbox 519 2093 595 2158; x_wconf 89' lang='lat' dir='ltr'><strong>de</strong></span> <span class='ocrx_word' id='word_1_103' title='bbox 649 2091 1038 2178; x_wconf 84' lang='grc' dir='ltr'><strong><em>ναυκράροις</em></strong></span> <span class='ocrx_word' id='word_1_104' title='bbox 1091 2095 1238 2158; x_wconf 84' lang='lat' dir='ltr'><strong>ante</strong></span> <span class='ocrx_word' id='word_1_105' title='bbox 1291 2111 1361 2158; x_wconf 81' lang='lat' dir='ltr'><strong>ea</strong></span> <span class='ocrx_word' id='word_1_106' title='bbox 1403 2092 1590 2158; x_wconf 81' lang='lat' dir='ltr'><strong>verba</strong></span> <span class='ocrx_word' id='word_1_107' title='bbox 1635 2093 1934 2176; x_wconf 84' lang='lat' dir='ltr'><strong>scriptum</strong></span> <span class='ocrx_word' id='word_1_108' title='bbox 1978 2112 2126 2172; x_wconf 85' lang='lat' dir='ltr'><strong>esse,</strong></span> <span class='ocrx_word' id='word_1_109' title='bbox 2193 2093 2417 2176; x_wconf 85' lang='lat' dir='ltr'><strong>quibus</strong></span> <span class='ocrx_word' id='word_1_110' title='bbox 2462 2095 2539 2159; x_wconf 88' lang='lat' dir='ltr'><strong>de</strong></span> 
     </span>
     <span class='ocr_line' id='line_1_15' title="bbox 345 2211 2539 2292; baseline 0.001 -14"><span class='ocrx_word' id='word_1_111' title='bbox 345 2211 666 2280; x_wconf 83' lang='lat' dir='ltr'><strong>Clisthene</strong></span> <span class='ocrx_word' id='word_1_112' title='bbox 734 2215 1114 2279; x_wconf 81' lang='lat' dir='ltr'><strong>mentionem</strong></span> <span class='ocrx_word' id='word_1_113' title='bbox 1177 2214 1352 2292; x_wconf 82' lang='lat' dir='ltr'><strong>facit,</strong></span> <span class='ocrx_word' id='word_1_114' title='bbox 1421 2215 1608 2280; x_wconf 84' lang='lat' dir='ltr'><strong>etiam</strong></span> <span class='ocrx_word' id='word_1_115' title='bbox 1668 2234 1741 2280; x_wconf 86' lang='lat' dir='ltr'><strong>ex</strong></span> <span class='ocrx_word' id='word_1_116' title='bbox 1782 2215 1863 2280; x_wconf 90' lang='lat' dir='ltr'><strong>iis</strong></span> <span class='ocrx_word' id='word_1_117' title='bbox 1908 2216 2271 2281; x_wconf 88' lang='lat' dir='ltr'><strong>Aristotelis</strong></span> <span class='ocrx_word' id='word_1_118' title='bbox 2314 2217 2539 2290; x_wconf 62' lang='lat' dir='ltr'><strong>verbis</strong></span> 
     </span>
     <span class='ocr_line' id='line_1_16' title="bbox 355 2335 2547 2422; baseline 0 -21"><span class='ocrx_word' id='word_1_119' title='bbox 355 2353 510 2416; x_wconf 79' lang='lat' dir='ltr'><strong>quae</strong></span> <span class='ocrx_word' id='word_1_120' title='bbox 553 2335 632 2400; x_wconf 84' lang='lat' dir='ltr'><strong>ab</strong></span> <span class='ocrx_word' id='word_1_121' title='bbox 675 2335 1162 2418; x_wconf 79' lang='lat' dir='ltr'><strong>Harpocratione</strong></span> <span class='ocrx_word' id='word_1_122' title='bbox 1203 2335 1586 2410; x_wconf 83' lang='lat' dir='ltr'><strong>adferuntur,</strong></span> <span class='ocrx_word' id='word_1_123' title='bbox 1610 2336 1825 2420; x_wconf 85' lang='lat' dir='ltr'><strong>colligi</strong></span> <span class='ocrx_word' id='word_1_124' title='bbox 1856 2339 2085 2420; x_wconf 83' lang='lat' dir='ltr'><strong>potest:</strong></span> <span class='ocrx_word' id='word_1_125' title='bbox 2128 2339 2547 2422; x_wconf 84' lang='grc' dir='ltr'><strong><em>ναυκραρικά·</em></strong></span> 
     </span>
    </p>

    <p class='ocr_par' dir='ltr' id='par_1_4' title="bbox 343 2453 2541 2910">
     <span class='ocr_line' id='line_1_17' title="bbox 541 2453 2537 2544; baseline 0.002 -24"><span class='ocrx_word' id='word_1_126' title='bbox 541 2509 552 2520; x_wconf 94' lang='grc'><em>.</em></span> <span class='ocrx_word' id='word_1_127' title='bbox 611 2453 1064 2542; x_wconf 79' lang='grc' dir='ltr'><strong><em>Ἀριστοτέλης</em></strong></span> <span class='ocrx_word' id='word_1_128' title='bbox 1117 2453 1250 2521; x_wconf 78' lang='grc' dir='ltr'><strong><em>δ’ἐν</em></strong></span> <span class='ocrx_word' id='word_1_129' title='bbox 1309 2453 1690 2543; x_wconf 82' lang='grc' dir='ltr'><strong><em>Ἀθηναίων</em></strong></span> <span class='ocrx_word' id='word_1_130' title='bbox 1750 2457 2055 2543; x_wconf 76' lang='grc' dir='ltr'><strong><em>πολιτείᾳ</em></strong></span> <span class='ocrx_word' id='word_1_131' title='bbox 2100 2457 2271 2544; x_wconf 84' lang='grc' dir='ltr'><strong><em>φησὶ</em></strong></span> <span class='ocrx_word' id='word_1_132' title='bbox 2317 2460 2537 2524; x_wconf 61' lang='lat' dir='ltr'><strong>”xave-</strong></span> 
     </span>
     <span class='ocr_line' id='line_1_18' title="bbox 349 2576 2541 2667; baseline 0.003 -25"><span class='ocrx_word' id='word_1_133' title='bbox 349 2596 589 2666; x_wconf 83' lang='grc' dir='ltr'><strong><em>στησεν</em></strong></span> <span class='ocrx_word' id='word_1_134' title='bbox 645 2577 754 2642; x_wconf 80' lang='grc' dir='ltr'><strong>καὶ</strong></span> <span class='ocrx_word' id='word_1_135' title='bbox 811 2578 1186 2666; x_wconf 81' lang='grc' dir='ltr'><strong><em>δημάρχους</em></strong></span> <span class='ocrx_word' id='word_1_136' title='bbox 1240 2577 1360 2666; x_wconf 81' lang='grc' dir='ltr'><strong>τὴν</strong></span> <span class='ocrx_word' id='word_1_137' title='bbox 1415 2576 1622 2667; x_wconf 75' lang='grc' dir='ltr'><strong><em>αὐτὴν</em></strong></span> <span class='ocrx_word' id='word_1_138' title='bbox 1666 2581 1934 2659; x_wconf 79' lang='grc' dir='ltr'><strong><em>ἔχοντας</em></strong></span> <span class='ocrx_word' id='word_1_139' title='bbox 1976 2580 2359 2662; x_wconf 72' lang='grc' dir='ltr'><strong><em>ἐπιμέλειαν</em></strong></span> <span class='ocrx_word' id='word_1_140' title='bbox 2402 2592 2541 2656; x_wconf 88' lang='grc' dir='ltr'><strong><em>τοῖς</em></strong></span> 
     </span>
     <span class='ocr_line' id='line_1_19' title="bbox 343 2698 2531 2790; baseline 0.002 -26"><span class='ocrx_word' id='word_1_141' title='bbox 343 2701 672 2786; x_wconf 86' lang='grc' dir='ltr'><strong><em>πρότερον</em></strong></span> <span class='ocrx_word' id='word_1_142' title='bbox 730 2699 1134 2786; x_wconf 81' lang='grc' dir='ltr'><strong><em>ναυκράροις·</em></strong></span> <span class='ocrx_word' id='word_1_143' title='bbox 1191 2699 1300 2764; x_wconf 79' lang='grc' dir='ltr'><strong>καὶ</strong></span> <span class='ocrx_word' id='word_1_144' title='bbox 1359 2700 1480 2784; x_wconf 77' lang='grc' dir='ltr'><strong>γὰρ</strong></span> <span class='ocrx_word' id='word_1_145' title='bbox 1525 2701 1678 2776; x_wconf 81' lang='grc' dir='ltr'><strong><em>τοῦς</em></strong></span> <span class='ocrx_word' id='word_1_146' title='bbox 1720 2701 1970 2790; x_wconf 83' lang='grc' dir='ltr'><strong><em>δήμους</em></strong></span> <span class='ocrx_word' id='word_1_147' title='bbox 2013 2698 2159 2767; x_wconf 83' lang='grc' dir='ltr'><strong><em>άντὶ</em></strong></span> <span class='ocrx_word' id='word_1_148' title='bbox 2202 2706 2329 2767; x_wconf 81' lang='grc' dir='ltr'><strong>τῶν</strong></span> <span class='ocrx_word' id='word_1_149' title='bbox 2376 2726 2531 2768; x_wconf 86' lang='grc' dir='ltr'><strong><em>ναυ-</em></strong></span> 
     </span>
     <span class='ocr_line' id='line_1_20' title="bbox 351 2822 1116 2910; baseline 0 -24"><span class='ocrx_word' id='word_1_150' title='bbox 351 2825 634 2908; x_wconf 80' lang='grc' dir='ltr'><strong><em>κραριῶν</em></strong></span> <span class='ocrx_word' id='word_1_151' title='bbox 681 2822 1032 2910; x_wconf 78' lang='grc' dir='ltr'><strong><em>ἐποίησεν”</em></strong></span> <span class='ocrx_word' id='word_1_152' title='bbox 1049 2824 1116 2906; x_wconf 79' lang='lat'><strong>³).</strong></span> 
     </span>
    </p>
   </div>
   <div class='ocr_carea' id='block_1_3' title="bbox 354 2963 738 2972">
    <p class='ocr_par' dir='ltr' id='par_1_5' title="bbox 354 2963 738 2972">
     <span class='ocr_line' id='line_1_21' title="bbox 354 2963 738 2972; baseline 0 2070"><span class='ocrx_word' id='word_1_153' title='bbox 354 2963 738 2972; x_wconf 95' lang='lat' dir='ltr'><strong> </strong></span> 
     </span>
    </p>
   </div>
   <div class='ocr_carea' id='block_1_4' title="bbox 519 3015 1586 3206">
    <p class='ocr_par' dir='ltr' id='par_1_6' title="bbox 519 3015 1568 3206">
     <span class='ocr_line' id='line_1_22' title="bbox 530 3015 1470 3091; baseline 0.002 -10"><span class='ocrx_word' id='word_1_154' title='bbox 530 3015 595 3089; x_wconf 56' lang='lat'><strong>15</strong></span> <span class='ocrx_word' id='word_1_155' title='bbox 641 3027 698 3084; x_wconf 87' lang='lat' dir='ltr'><strong>c.</strong></span> <span class='ocrx_word' id='word_1_156' title='bbox 735 3027 984 3091; x_wconf 78' lang='lat' dir='ltr'><strong>Mueller;</strong></span> <span class='ocrx_word' id='word_1_157' title='bbox 1022 3058 1088 3068; x_wconf 86' lang='lat'><em>-</em></span> <span class='ocrx_word' id='word_1_158' title='bbox 1129 3027 1323 3082; x_wconf 61' lang='grc' dir='ltr'><strong><em>αὐτοὺς</em></strong></span> <span class='ocrx_word' id='word_1_159' title='bbox 1360 3028 1470 3082; x_wconf 83' lang='lat' dir='ltr'><strong>cod.</strong></span> 
     </span>
     <span class='ocr_line' id='line_1_23' title="bbox 519 3133 1586 3206; baseline 0.001 -18"><span class='ocrx_word' id='word_1_160' title='bbox 519 3136 576 3200; x_wconf 85' lang='lat'><strong>2)</strong></span> <span class='ocrx_word' id='word_1_161' title='bbox 643 3135 702 3189; x_wconf 83' lang='lat' dir='ltr'><strong>C.</strong></span> <span class='ocrx_word' id='word_1_162' title='bbox 743 3135 985 3196; x_wconf 83' lang='lat' dir='ltr'><strong>Muelle1·;</strong></span> <span class='ocrx_word' id='word_1_163' title='bbox 1027 3165 1093 3174; x_wconf 93' lang='grc'>-</span> <span class='ocrx_word' id='word_1_164' title='bbox 1130 3155 1227 3184; x_wconf 76' lang='lat' dir='ltr'><strong>vav</strong></span> <span class='ocrx_word' id='word_1_165' title='bbox 1202 3133 1437 3206; x_wconf 83' lang='grc' dir='ltr'><strong><em>υκράρια</em></strong></span> <span class='ocrx_word' id='word_1_166' title='bbox 1473 3134 1586 3188; x_wconf 80' lang='lat' dir='ltr'><strong>cod.</strong></span> 
     </span>
    </p>
   </div>
   <div class='ocr_carea' id='block_1_5' title="bbox 341 3238 2540 3760">
    <p class='ocr_par' dir='ltr' id='par_1_7' title="bbox 341 3238 2539 3760">
     <span class='ocr_line' id='line_1_24' title="bbox 625 3238 2536 3310; baseline 0.002 -18"><span class='ocrx_word' id='word_1_167' title='bbox 625 3241 804 3294; x_wconf 87' lang='lat' dir='ltr'><strong>Monet</strong></span> <span class='ocrx_word' id='word_1_168' title='bbox 856 3240 1020 3294; x_wconf 86' lang='lat' dir='ltr'><strong>etiam</strong></span> <span class='ocrx_word' id='word_1_169' title='bbox 1059 3238 1326 3294; x_wconf 91' lang='lat' dir='ltr'><strong>Gilbertus</strong></span> <span class='ocrx_word' id='word_1_170' title='bbox 1365 3271 1426 3280; x_wconf 93' lang='lat'><em>-</em></span> <span class='ocrx_word' id='word_1_171' title='bbox 1465 3239 1502 3292; x_wconf 90' lang='lat' dir='ltr'><strong>l.</strong></span> <span class='ocrx_word' id='word_1_172' title='bbox 1542 3241 1575 3292; x_wconf 92' lang='lat'><strong>1.</strong></span> <span class='ocrx_word' id='word_1_173' title='bbox 1617 3258 1667 3308; x_wconf 87' lang='lat' dir='ltr'><strong>p.</strong></span> <span class='ocrx_word' id='word_1_174' title='bbox 1710 3241 1775 3292; x_wconf 90' lang='grc'><strong>13</strong></span> <span class='ocrx_word' id='word_1_175' title='bbox 1815 3271 1876 3279; x_wconf 91' lang='grc'><strong>-</strong></span> <span class='ocrx_word' id='word_1_176' title='bbox 1916 3240 2029 3294; x_wconf 89' lang='lat' dir='ltr'><strong>fieri</strong></span> <span class='ocrx_word' id='word_1_177' title='bbox 2078 3241 2326 3310; x_wconf 83' lang='lat' dir='ltr'><strong>potuisse,</strong></span> <span class='ocrx_word' id='word_1_178' title='bbox 2382 3245 2444 3294; x_wconf 89' lang='lat' dir='ltr'><strong>ut</strong></span> <span class='ocrx_word' id='word_1_179' title='bbox 2480 3246 2536 3296; x_wconf 90' lang='lat' dir='ltr'><strong>et</strong></span> 
     </span>
     <span class='ocr_line' id='line_1_25' title="bbox 341 3325 2534 3400; baseline -0 -17"><span class='ocrx_word' id='word_1_180' title='bbox 341 3333 607 3400; x_wconf 83' lang='lat' dir='ltr'><strong>postrema</strong></span> <span class='ocrx_word' id='word_1_181' title='bbox 644 3329 831 3386; x_wconf 83' lang='lat' dir='ltr'><strong>verba.</strong></span> <span class='ocrx_word' id='word_1_182' title='bbox 873 3325 902 3380; x_wconf 81' lang='grc' dir='ltr'><strong>ὁ</strong></span> <span class='ocrx_word' id='word_1_183' title='bbox 940 3325 1254 3394; x_wconf 72' lang='grc' dir='ltr'><strong><em>Κλειὸηιιος</em></strong></span> <span class='ocrx_word' id='word_1_184' title='bbox 1291 3348 1338 3381; x_wconf 83' lang='grc' dir='ltr'><strong>κ.</strong></span> <span class='ocrx_word' id='word_1_185' title='bbox 1375 3347 1420 3382; x_wconf 79' lang='grc' dir='ltr'><strong>τ.</strong></span> <span class='ocrx_word' id='word_1_186' title='bbox 1458 3326 1501 3381; x_wconf 89' lang='grc' dir='ltr'><strong>λ.</strong></span> <span class='ocrx_word' id='word_1_187' title='bbox 1540 3344 1601 3380; x_wconf 86' lang='lat' dir='ltr'><strong>ex</strong></span> <span class='ocrx_word' id='word_1_188' title='bbox 1627 3327 1933 3383; x_wconf 86' lang='lat' dir='ltr'><strong>Aristotelis</strong></span> <span class='ocrx_word' id='word_1_189' title='bbox 1958 3328 2091 3382; x_wconf 89' lang='lat' dir='ltr'><strong>libro</strong></span> <span class='ocrx_word' id='word_1_190' title='bbox 2119 3333 2534 3398; x_wconf 84' lang='lat' dir='ltr'><strong>excerperentur.</strong></span> 
     </span>
     <span class='ocr_line' id='line_1_26' title="bbox 345 3416 2540 3486; baseline 0.001 -15"><span class='ocrx_word' id='word_1_191' title='bbox 345 3416 476 3471; x_wconf 89' lang='lat' dir='ltr'><strong>Cum</strong></span> <span class='ocrx_word' id='word_1_192' title='bbox 512 3417 651 3470; x_wconf 88' lang='lat' dir='ltr'><strong>enim</strong></span> <span class='ocrx_word' id='word_1_193' title='bbox 689 3417 998 3484; x_wconf 80' lang='lat' dir='ltr'><strong>symmoriae</strong></span> <span class='ocrx_word' id='word_1_194' title='bbox 1033 3417 1154 3470; x_wconf 83' lang='lat' dir='ltr'><strong>illae</strong></span> <span class='ocrx_word' id='word_1_195' title='bbox 1192 3417 1330 3470; x_wconf 88' lang='lat' dir='ltr'><strong>inter</strong></span> <span class='ocrx_word' id='word_1_196' title='bbox 1366 3433 1414 3472; x_wconf 86' lang='lat' dir='ltr'><strong>a.</strong></span> <span class='ocrx_word' id='word_1_197' title='bbox 1452 3419 1556 3471; x_wconf 87' lang='lat'><strong>354</strong></span> <span class='ocrx_word' id='word_1_198' title='bbox 1596 3418 1793 3471; x_wconf 57' lang='lat' dir='ltr'><strong>etssss40</strong></span> <span class='ocrx_word' id='word_1_199' title='bbox 1830 3417 2051 3472; x_wconf 77' lang='lat' dir='ltr'><strong>Athenis</strong></span> <span class='ocrx_word' id='word_1_200' title='bbox 2089 3421 2284 3486; x_wconf 80' lang='lat' dir='ltr'><strong>essent,</strong></span> <span class='ocrx_word' id='word_1_201' title='bbox 2304 3417 2540 3473; x_wconf 88' lang='lat' dir='ltr'><strong>Clitode-</strong></span> 
     </span>
     <span class='ocr_line' id='line_1_27' title="bbox 347 3505 2539 3574; baseline 0.001 -16"><span class='ocrx_word' id='word_1_202' title='bbox 347 3523 489 3560; x_wconf 86' lang='lat' dir='ltr'><strong>mum</strong></span> <span class='ocrx_word' id='word_1_203' title='bbox 529 3506 860 3574; x_wconf 88' lang='lat' dir='ltr'><strong>perspicuum</strong></span> <span class='ocrx_word' id='word_1_204' title='bbox 899 3509 982 3558; x_wconf 88' lang='lat' dir='ltr'><strong>est</strong></span> <span class='ocrx_word' id='word_1_205' title='bbox 1017 3506 1146 3558; x_wconf 83' lang='lat' dir='ltr'><strong>haec</strong></span> <span class='ocrx_word' id='word_1_206' title='bbox 1183 3506 1453 3574; x_wconf 79' lang='lat' dir='ltr'><strong>scripsisse</strong></span> <span class='ocrx_word' id='word_1_207' title='bbox 1491 3510 1613 3560; x_wconf 83' lang='lat' dir='ltr'><strong>ante</strong></span> <span class='ocrx_word' id='word_1_208' title='bbox 1650 3521 1805 3574; x_wconf 81' lang='lat' dir='ltr'><strong>quam</strong></span> <span class='ocrx_word' id='word_1_209' title='bbox 1840 3505 2155 3558; x_wconf 84' lang='lat' dir='ltr'><strong>Aristoteles</strong></span> <span class='ocrx_word' id='word_1_210' title='bbox 2192 3523 2343 3559; x_wconf 81' lang='lat' dir='ltr'><strong>suurn</strong></span> <span class='ocrx_word' id='word_1_211' title='bbox 2381 3505 2445 3560; x_wconf 90' lang='lat' dir='ltr'><strong>de</strong></span> <span class='ocrx_word' id='word_1_212' title='bbox 2484 3523 2539 3561; x_wconf 86' lang='lat' dir='ltr'><strong>re</strong></span> 
     </span>
     <span class='ocr_line' id='line_1_28' title="bbox 343 3592 2533 3664; baseline 0 -17"><span class='ocrx_word' id='word_1_213' title='bbox 343 3593 486 3664; x_wconf 84' lang='lat' dir='ltr'><strong>publ.</strong></span> <span class='ocrx_word' id='word_1_214' title='bbox 541 3594 734 3646; x_wconf 77' lang='lat' dir='ltr'><strong>Athen.</strong></span> <span class='ocrx_word' id='word_1_215' title='bbox 772 3592 963 3646; x_wconf 85' lang='lat' dir='ltr'><strong>librum</strong></span> <span class='ocrx_word' id='word_1_216' title='bbox 1019 3593 1314 3647; x_wconf 87' lang='lat' dir='ltr'><strong>conficeret.</strong></span> <span class='ocrx_word' id='word_1_217' title='bbox 1385 3593 1605 3646; x_wconf 86' lang='lat' dir='ltr'><strong>Mueller</strong></span> <span class='ocrx_word' id='word_1_218' title='bbox 1642 3593 1783 3646; x_wconf 90' lang='lat' dir='ltr'><strong>enim</strong></span> <span class='ocrx_word' id='word_1_219' title='bbox 1820 3593 2205 3648; x_wconf 82' lang='lat' dir='ltr'><strong>demonstravit</strong></span> <span class='ocrx_word' id='word_1_220' title='bbox 2243 3624 2307 3633; x_wconf 94' lang='lat'>—</span> <span class='ocrx_word' id='word_1_221' title='bbox 2345 3593 2533 3664; x_wconf 83' lang='lat' dir='ltr'><strong>fragm.</strong></span> 
     </span>
     <span class='ocr_line' id='line_1_29' title="bbox 344 3669 2535 3760; baseline 0 -26"><span class='ocrx_word' id='word_1_222' title='bbox 344 3682 470 3736; x_wconf 86' lang='lat' dir='ltr'><strong>hist.</strong></span> <span class='ocrx_word' id='word_1_223' title='bbox 515 3698 594 3760; x_wconf 69' lang='lat' dir='ltr'><strong>gr.</strong></span> <span class='ocrx_word' id='word_1_224' title='bbox 642 3680 712 3743; x_wconf 91' lang='grc' dir='ltr'><strong>ΙΙ,</strong></span> <span class='ocrx_word' id='word_1_225' title='bbox 761 3697 812 3750; x_wconf 89' lang='lat' dir='ltr'><strong>p.</strong></span> <span class='ocrx_word' id='word_1_226' title='bbox 855 3681 951 3732; x_wconf 88' lang='lat'><strong>121</strong></span> <span class='ocrx_word' id='word_1_227' title='bbox 993 3711 1056 3720; x_wconf 90' lang='lat'><strong>--—</strong></span> <span class='ocrx_word' id='word_1_228' title='bbox 1096 3682 1434 3735; x_wconf 85' lang='lat' dir='ltr'><strong>Aristotelem</strong></span> <span class='ocrx_word' id='word_1_229' title='bbox 1474 3697 1575 3734; x_wconf 87' lang='lat' dir='ltr'><strong>non</strong></span> <span class='ocrx_word' id='word_1_230' title='bbox 1611 3685 1736 3735; x_wconf 83' lang='lat' dir='ltr'><strong>ante</strong></span> <span class='ocrx_word' id='word_1_231' title='bbox 1774 3698 1821 3735; x_wconf 83' lang='lat' dir='ltr'><strong>a.</strong></span> <span class='ocrx_word' id='word_1_232' title='bbox 1861 3682 1961 3735; x_wconf 85' lang='lat'><strong>331</strong></span> <span class='ocrx_word' id='word_1_233' title='bbox 2002 3683 2191 3736; x_wconf 89' lang='lat' dir='ltr'><strong>librum</strong></span> <span class='ocrx_word' id='word_1_234' title='bbox 2225 3682 2375 3736; x_wconf 86' lang='lat' dir='ltr'><strong>illum</strong></span> <span class='ocrx_word' id='word_1_235' title='bbox 2413 3669 2535 3735; x_wconf 35' lang='lat' dir='ltr'><strong>con·-</strong></span> 
     </span>
    </p>
   </div>
   <div class='ocr_carea' id='block_1_6' title="bbox 341 3785 2537 4014">
    <p class='ocr_par' dir='ltr' id='par_1_8' title="bbox 341 3785 2537 4014">
     <span class='ocr_line' id='line_1_30' title="bbox 344 3785 631 3824; baseline 0 -2"><span class='ocrx_word' id='word_1_236' title='bbox 344 3786 444 3824; x_wconf 80' lang='lat' dir='ltr'><strong>scn</strong></span> <span class='ocrx_word' id='word_1_237' title='bbox 485 3785 631 3822; x_wconf 70' lang='lat' dir='ltr'><strong>sisse.</strong></span> 
     </span>
     <span class='ocr_line' id='line_1_31' title="bbox 449 3787 2533 3926; baseline -0.001 -16"><span class='ocrx_word' id='word_1_238' title='bbox 449 3787 480 3838; x_wconf 73' lang='lat' dir='ltr'>p</span> <span class='ocrx_word' id='word_1_239' title='bbox 517 3857 593 3910; x_wconf 80' lang='lat' dir='ltr'><strong>Ex</strong></span> <span class='ocrx_word' id='word_1_240' title='bbox 639 3857 927 3910; x_wconf 84' lang='lat' dir='ltr'><strong>Aristotele</strong></span> <span class='ocrx_word' id='word_1_241' title='bbox 973 3861 1237 3910; x_wconf 81' lang='lat' dir='ltr'><strong>auctorem</strong></span> <span class='ocrx_word' id='word_1_242' title='bbox 1295 3857 1477 3912; x_wconf 88' lang='lat' dir='ltr'><strong>Photii</strong></span> <span class='ocrx_word' id='word_1_243' title='bbox 1514 3857 1830 3926; x_wconf 80' lang='lat' dir='ltr'><strong>excerpsisse</strong></span> <span class='ocrx_word' id='word_1_244' title='bbox 1869 3861 1924 3910; x_wconf 88' lang='lat' dir='ltr'><strong>et</strong></span> <span class='ocrx_word' id='word_1_245' title='bbox 1960 3857 2285 3910; x_wconf 83' lang='lat' dir='ltr'><strong>Stoientinus</strong></span> <span class='ocrx_word' id='word_1_246' title='bbox 2330 3887 2387 3896; x_wconf 87' lang='lat'>-</span> <span class='ocrx_word' id='word_1_247' title='bbox 2428 3862 2462 3910; x_wconf 89' lang='lat'><strong>1.</strong></span> <span class='ocrx_word' id='word_1_248' title='bbox 2502 3858 2533 3910; x_wconf 94' lang='lat' dir='ltr'><strong>l.</strong></span> 
     </span>
     <span class='ocr_line' id='line_1_32' title="bbox 341 3943 2537 4014; baseline 0 -17"><span class='ocrx_word' id='word_1_249' title='bbox 341 3963 388 4014; x_wconf 90' lang='lat' dir='ltr'><strong>p.</strong></span> <span class='ocrx_word' id='word_1_250' title='bbox 427 3948 493 3998; x_wconf 87' lang='lat'><strong>41</strong></span> <span class='ocrx_word' id='word_1_251' title='bbox 547 3961 622 4014; x_wconf 90' lang='lat' dir='ltr'><strong>sq.</strong></span> <span class='ocrx_word' id='word_1_252' title='bbox 663 3975 727 3984; x_wconf 88' lang='lat'><strong>—-</strong></span> <span class='ocrx_word' id='word_1_253' title='bbox 768 3949 959 3998; x_wconf 88' lang='lat' dir='ltr'><strong>censet.</strong></span> <span class='ocrx_word' id='word_1_254' title='bbox 1033 3944 1284 4000; x_wconf 89' lang='lat' dir='ltr'><strong>Ostendit</strong></span> <span class='ocrx_word' id='word_1_255' title='bbox 1339 3947 1677 3998; x_wconf 86' lang='lat' dir='ltr'><strong>Aristotelem</strong></span> <span class='ocrx_word' id='word_1_256' title='bbox 1735 3962 1835 3998; x_wconf 90' lang='lat' dir='ltr'><strong>uno</strong></span> <span class='ocrx_word' id='word_1_257' title='bbox 1896 3945 2009 3998; x_wconf 90' lang='lat' dir='ltr'><strong>loco</strong></span> <span class='ocrx_word' id='word_1_258' title='bbox 2067 3949 2121 3999; x_wconf 90' lang='lat' dir='ltr'><strong>et</strong></span> <span class='ocrx_word' id='word_1_259' title='bbox 2167 3944 2230 3999; x_wconf 87' lang='lat' dir='ltr'><strong>de</strong></span> <span class='ocrx_word' id='word_1_260' title='bbox 2269 3943 2537 3999; x_wconf 88' lang='lat' dir='ltr'><strong>ordinibus</strong></span> 
     </span>
    </p>
   </div>
   <div class='ocr_carea' id='block_1_7' title="bbox 340 4030 2536 4366">
    <p class='ocr_par' dir='ltr' id='par_1_9' title="bbox 340 4030 2536 4366">
     <span class='ocr_line' id='line_1_33' title="bbox 341 4030 2533 4103; baseline 0 -17"><span class='ocrx_word' id='word_1_261' title='bbox 341 4033 447 4086; x_wconf 85' lang='lat' dir='ltr'><strong>illis</strong></span> <span class='ocrx_word' id='word_1_262' title='bbox 484 4032 653 4086; x_wconf 88' lang='lat' dir='ltr'><strong>tribus</strong></span> <span class='ocrx_word' id='word_1_263' title='bbox 690 4032 950 4097; x_wconf 79' lang='grc' dir='ltr'><strong><em>(ἔθνεσι),</em></strong></span> <span class='ocrx_word' id='word_1_264' title='bbox 989 4033 1279 4103; x_wconf 84' lang='lat' dir='ltr'><strong>eupatridis</strong></span> <span class='ocrx_word' id='word_1_265' title='bbox 1314 4035 1525 4102; x_wconf 89' lang='lat' dir='ltr'><strong>georgis</strong></span> <span class='ocrx_word' id='word_1_266' title='bbox 1563 4032 1865 4101; x_wconf 77' lang='lat' dir='ltr'><strong>demiurgiS,</strong></span> <span class='ocrx_word' id='word_1_267' title='bbox 1904 4038 1957 4085; x_wconf 90' lang='lat' dir='ltr'><strong>et</strong></span> <span class='ocrx_word' id='word_1_268' title='bbox 1995 4033 2059 4086; x_wconf 87' lang='lat' dir='ltr'><strong>de</strong></span> <span class='ocrx_word' id='word_1_269' title='bbox 2100 4030 2293 4101; x_wconf 82' lang='grc' dir='ltr'><strong><em>φυλαῖς</em></strong></span> <span class='ocrx_word' id='word_1_270' title='bbox 2330 4049 2533 4086; x_wconf 83' lang='lat' dir='ltr'><strong>earum-</strong></span> 
     </span>
     <span class='ocr_line' id='line_1_34' title="bbox 343 4121 2529 4190; baseline 0 -16"><span class='ocrx_word' id='word_1_271' title='bbox 343 4138 444 4190; x_wconf 82' lang='lat' dir='ltr'><strong>que</strong></span> <span class='ocrx_word' id='word_1_272' title='bbox 487 4121 734 4190; x_wconf 72' lang='lat' dir='ltr'><strong>*partibus</strong></span> <span class='ocrx_word' id='word_1_273' title='bbox 783 4136 1237 4176; x_wconf 83' lang='lat' dir='ltr'><strong>commemorasse:</strong></span> <span class='ocrx_word' id='word_1_274' title='bbox 1297 4124 1574 4190; x_wconf 78' lang='grc' dir='ltr'><strong><em>φρατρίας</em></strong></span> <span class='ocrx_word' id='word_1_275' title='bbox 1611 4123 1721 4173; x_wconf 90' lang='lat' dir='ltr'><strong>tres</strong></span> <span class='ocrx_word' id='word_1_276' title='bbox 1758 4121 1811 4172; x_wconf 91' lang='lat' dir='ltr'><strong>in</strong></span> <span class='ocrx_word' id='word_1_277' title='bbox 1845 4124 2031 4188; x_wconf 86' lang='lat' dir='ltr'><strong>gentes</strong></span> <span class='ocrx_word' id='word_1_278' title='bbox 2068 4121 2379 4174; x_wconf 82' lang='lat' dir='ltr'><strong>distributas</strong></span> <span class='ocrx_word' id='word_1_279' title='bbox 2418 4138 2529 4174; x_wconf 86' lang='lat' dir='ltr'><strong>esse</strong></span> 
     </span>
     <span class='ocr_line' id='line_1_35' title="bbox 341 4207 2536 4277; baseline -0.001 -15"><span class='ocrx_word' id='word_1_280' title='bbox 341 4211 582 4271; x_wconf 78' lang='lat' dir='ltr'><strong>tricenaS,</strong></span> <span class='ocrx_word' id='word_1_281' title='bbox 643 4209 876 4276; x_wconf 88' lang='lat' dir='ltr'><strong>itemque</strong></span> <span class='ocrx_word' id='word_1_282' title='bbox 929 4207 1184 4277; x_wconf 78' lang='grc' dir='ltr'><strong><em>τριττὺας</em></strong></span> <span class='ocrx_word' id='word_1_283' title='bbox 1231 4211 1429 4275; x_wconf 47' lang='grc' dir='ltr'><strong>τῖες-ὴ]</strong></span> <span class='ocrx_word' id='word_1_284' title='bbox 1467 4207 1763 4262; x_wconf 83' lang='lat' dir='ltr'><strong>naucrarias</strong></span> <span class='ocrx_word' id='word_1_285' title='bbox 1801 4210 2099 4274; x_wconf 78' lang='lat' dir='ltr'><strong>quaternas·</strong></span> <span class='ocrx_word' id='word_1_286' title='bbox 2172 4207 2313 4260; x_wconf 82' lang='lat' dir='ltr'><strong>Haec</strong></span> <span class='ocrx_word' id='word_1_287' title='bbox 2352 4214 2536 4262; x_wconf 84' lang='lat' dir='ltr'><strong>autem</strong></span> 
     </span>
     <span class='ocr_line' id='line_1_36' title="bbox 340 4295 1618 4366; baseline -0.003 -16"><span class='ocrx_word' id='word_1_288' title='bbox 340 4297 471 4350; x_wconf 84' lang='lat' dir='ltr'><strong>alios</strong></span> <span class='ocrx_word' id='word_1_289' title='bbox 509 4296 973 4366; x_wconf 82' lang='lat' dir='ltr'><strong>grammaticorum</strong></span> <span class='ocrx_word' id='word_1_290' title='bbox 1011 4297 1115 4350; x_wconf 84' lang='lat' dir='ltr'><strong>alia</strong></span> <span class='ocrx_word' id='word_1_291' title='bbox 1153 4297 1414 4365; x_wconf 86' lang='lat' dir='ltr'><strong>excepisse</strong></span> <span class='ocrx_word' id='word_1_292' title='bbox 1451 4295 1618 4349; x_wconf 87' lang='lat' dir='ltr'><strong>docet.</strong></span> 
     </span>
    </p>
   </div>
  </div>
 </body>
</html>
