3242 5042
779 439 862 496 60

695 589 916 654 diciale
983 592 1045 656 et
1113 589 1512 670 senatorium,
1579 589 1775 653 eidem
1836 589 2099 672 collegio
2160 590 2447 655 mandata
2503 590 2724 665 forent,
2770 590 2892 654 nisi

691 711 754 774 id
800 711 1190 794 antiquitatis
1237 709 1513 793 exemplo
1573 711 1799 774 factum
1850 711 2140 795 esset”¹).
2235 711 2321 775 Ex
2366 713 2650 776 universa
2699 709 2889 792 Igitur

692 833 927 898 ratione
976 833 1368 916 antiquitatis
1415 832 1542 898 veri
1589 832 1793 897 simile
1838 852 1972 896 esse
2018 835 2287 898 statuere
2332 853 2657 917 possumus
2700 834 2889 898 Athe-

692 955 786 1020 nis
830 957 1008 1020 vetus
1054 955 1210 1019 illud
1257 956 1581 1020 consilium
1629 957 1980 1020 senatorum
2016 955 2243 1020 iudicia
2274 975 2515 1040 quoque
2545 957 2888 1021 exercuisse

692 1076 766 1139 de
813 1078 1103 1142 caedibus
1149 1077 1577 1160 similibusque
1623 1077 1847 1153 cauam,
1894 1077 2022 1140 sive
2070 1115 2152 1124 —
2196 1078 2258 1141 id
2304 1077 2464 1160 quod
2512 1078 2675 1142 idem
2722 1077 2891 1142 valet

689 1237 774 1245 —
819 1200 1212 1282 Areopagum
1274 1199 1614 1282 antiquitus
1683 1201 1747 1262 et
1797 1195 2043 1283 βουλὴν
2097 1201 2160 1262 et
2213 1197 2637 1283 δικαστήριον
2678 1197 2886 1262 fuisse.

860 1317 1094 1397 Quibus
1140 1320 1214 1384 de
1261 1318 1484 1394 causiS‚
1529 1336 1669 1383 cum
1718 1320 1782 1383 et
1824 1317 2027 1401 legem
2076 1317 2318 1383 Solonis
2363 1318 2720 1399 habeamus,
2766 1338 2886 1401 qua

688 1440 864 1505 nobis
909 1441 1176 1505 traditur
1222 1442 1362 1505 ante
1410 1440 1696 1506 Solonem
1758 1440 2152 1505 dicasterium
2200 1440 2385 1504 fuisse
2431 1440 2495 1503 in
2542 1438 2889 1523 Areopago,

860 1565 925 1626 et
967 1562 1300 1627 Plutarcho
1347 1563 1600 1628 verbum
1650 1563 1910 1644 excidat,
1971 1581 2089 1644 quo
2150 1567 2405 1645 apparet
2450 1581 2585 1624 eum
2634 1563 2885 1643 putasse

687 1685 750 1746 in
799 1684 1122 1768 Areopago
1170 1685 1462 1749 iudicium
1511 1691 1574 1748 et
1619 1686 1897 1748 senatum
1944 1685 2269 1748 coniuncta
2315 1683 2527 1764 fuisse,

859 1811 922 1870 et
979 1807 1242 1890 scriptor
1300 1807 1548 1890 quidam
1607 1808 1739 1870 eius
1792 1806 1933 1880 loci,
1980 1826 2161 1890 quem
2208 1806 2270 1870 in
2315 1805 2669 1871 Aristotelis
2715 1805 2880 1870 Poli-

686 1928 832 1992 ticis
877 1927 1195 2006 habemus,
1241 1931 1635 2012 Areopagum
1683 1948 1792 2012 pro
1840 1933 2053 1993 senatu
2099 1929 2388 1992 habuisse
2432 1929 2735 2004 videatur,

861 2052 922 2114 et
969 2069 1039 2114 ex
1087 2051 1367 2115 universa
1413 2051 1803 2134 antiquitatis
1850 2051 2087 2115 ratione
2144 2049 2339 2113 conici
2386 2050 2581 2133 possit
2624 2049 2886 2113 Athenis

683 2169 872 2234 fuisse
940 2171 1264 2235 consilium
1334 2172 1707 2254 principum,
1767 2171 1925 2255 quod
1997 2173 2059 2234 et
2126 2171 2431 2235 senatorio
2478 2173 2541 2233 et
2606 2170 2885 2234 iudiciali

683 2311 932 2356 munere
980 2293 1364 2375 fungeretur,

855 2432 1049 2496 neque
1118 2414 1245 2476 veri
1309 2414 1514 2478 simile
1583 2414 1669 2477 sit
1722 2417 1934 2495 postea
1987 2415 2107 2476 duo
2152 2412 2263 2476 illa
2309 2432 2559 2476 munera
2606 2411 2881 2476 eiusdem

683 2532 931 2616 collegii
964 2534 1172 2598 futura
1201 2531 1412 2608 fuisse,
1451 2534 1569 2597 nisi
1601 2534 1665 2598 id
1699 2535 2091 2617 antiquitatis
2125 2534 2402 2616 exemplo
2434 2532 2662 2597 factum
2698 2537 2883 2617 esset,

857 2675 1000 2719 num
1081 2657 1312 2718 temere
1391 2654 1677 2719 concludi
1752 2655 1992 2719 videtur
2060 2655 2206 2718 hoc:
2292 2655 2417 2718 veri
2486 2653 2876 2719 simillimum

688 2795 820 2840 esse
893 2776 1371 2859 Areopagum
1443 2777 1612 2840 ante
1694 2775 2034 2841 Solonem
2106 2775 2349 2839 fuisse
2418 2795 2733 2859 eumque
2800 2777 2879 2839 et

684 2899 1034 2961 senatum
1094 2899 1167 2960 et
1224 2896 1653 2962 iudicium?

852 3187 1187 3251 Videamus
1233 3205 1412 3264 nunc,
1458 3206 1641 3269 quam
1689 3186 1814 3250 late
1860 3185 1973 3248 hoc
2021 3188 2245 3268 pateat.

849 3309 1049 3373 Antea
1111 3308 1665 3372 demonstravimus
1710 3307 2081 3372 credendum
2128 3325 2262 3370 esse
2313 3307 2563 3390 ephetas
2609 3308 2879 3390 antiqui-

677 3432 778 3492 tus
823 3429 887 3492 in
934 3431 1224 3511 quattuor
1269 3427 1397 3492 illis
1442 3427 1789 3492 dicasteriis
1835 3428 2069 3491 iudices
2116 3427 2327 3510 fuisse,

850 3550 981 3614 veri
1047 3550 1437 3613 simillimum
1507 3550 1604 3612 est
1669 3549 1913 3613 eosdem
1982 3549 2216 3613 iudices
2282 3550 2341 3612 in
2409 3531 2733 3630 Areopago
2802 3548 2877 3611 de

679 3672 880 3735 causis
936 3670 1358 3734 homicidariis
1419 3670 1787 3735 iudicavisse
1844 3675 2027 3754 atque
2072 3671 2134 3733 in
2182 3670 2404 3734 ceteris
2450 3671 2524 3733 de
2569 3668 2877 3733 similibus

683 3793 883 3856 causis
931 3790 1274 3855 dicasteriis
1292 3791 1383 3875 ²);

855 4016 912 4072 1)
951 4014 1204 4079 Schoem.,
1242 4015 1276 4068 l.
1315 4014 1348 4069 1.
1386 4031 1438 4085 p.
1482 4014 1599 4068 195.

852 4104 910 4170 2>
956 4101 1048 4157 cfr
1093 4103 1440 4158 Schoemanni
1493 4103 1654 4158 verba
1711 4119 1868 4174 supra
1920 4121 1969 4173 p.
2028 4101 2097 4156 59
2150 4103 2336 4157 allata:
2392 4102 2437 4156 ”.
2496 4143 2507 4156 .
2557 4142 2570 4157 .
2619 4103 2675 4156 in
2710 4101 2873 4156 variis

677 4189 809 4244 loeis
844 4191 1167 4255 iudicabant,
1213 4191 1434 4260 antiqua
1478 4189 1621 4246 haud
1665 4191 1822 4246 dubie
1858 4190 2113 4262 religione
2151 4192 2384 4253 sacrati&
2422 4190 2710 4261 Areopago,
2748 4189 2875 4244 Pal·

673 4277 862 4342 ladio''‚
900 4281 1001 4334 cet.
