3242 5042
2390 463 2469 521 33

549 615 679 695 Quo
723 619 935 684 autem
981 635 1233 682 munere
1279 615 1480 679 functi
1525 613 1717 678 sunt?
1764 613 2021 679 Constat
2052 631 2149 678 eos
2172 613 2247 677 de
2272 613 2559 678 caedibus

355 736 774 812 ·iudicavisse;
839 757 948 820 pro
999 737 1168 800 certo
1225 734 1542 799 adfirmari
1600 735 1803 817 potest
1857 733 2003 797 haec
2056 730 2287 797 iudicia
2338 751 2437 796 eos
2490 733 2557 796 in

356 857 670 938 vquattuor
713 855 849 919 illis
895 853 1240 920 dicasteriis
1281 853 1643 930 exercuisse3
1700 873 1848 918 num
1886 851 2087 916 «etiam
2132 849 2197 915 in
2222 852 2559 934 Areopago,

327 1005 332 1007 ·
373 977 442 1040 in
507 976 764 1041 dubium
834 975 1173 1047 vocaturl).
1265 973 1425 1052 Quid
1484 974 1697 1040 tamen
1751 971 1881 1036 veri
1936 969 2337 1036 simillimum
2385 972 2559 1037 nobis

361 1096 681 1174 videatur,
729 1097 916 1174 infra,
963 1097 1032 1160 in
1076 1115 1204 1178 cap.
1252 1095 1428 1176 sept„
1473 1092 2060 1158 demonstrabimus,

547 1211 784 1292 Quibus
853 1193 1140 1280 omnibus
1205 1214 1388 1278 rebus
1453 1211 1743 1297 expositis
1801 1212 1987 1293 atque
2042 1210 2353 1293 perpensis
2406 1211 2561 1276 satis

373 1334 534 1398 mihi
578 1353 790 1400 causae
835 1333 1040 1400 adesse
1097 1333 1361 1410 videtur,
1419 1350 1529 1396 cur
1587 1332 1937 1396 statuamus
1976 1331 2301 1413 ,ephetas
2344 1330 2557 1396 anti-

357 1454 646 1534 -quitus
691 1453 1028 1520 Athenis
1071 1453 1362 1518 iudices
1405 1449 1673 1516 fuisse.

546 1572 740 1644 Plura
783 1574 1033 1654 quidem
1077 1573 1152 1636 de
1195 1572 1433 1654 ephetis
1475 1591 1546 1636 ex
1589 1571 1865 1654 antiquis
1895 1569 2313 1634 monumentis
2342 1587 2561 1653 cogno-

548 1797 723 1850 Etiam
779 1798 918 1866 apud
977 1797 1251 1852 Demosth.
1309 1827 1360 1836 —-
1409 1796 1527 1850 adv.
1574 1795 1792 1850 Macart.
1832 1814 1881 1866 p.
1924 1794 2077 1857 1069,
2121 1797 2149 1863 ξ
2189 1797 2254 1848 57
2292 1799 2347 1849 et
2383 1803 2561 1850 contra

363 1885 626 1938 Aristocr.
665 1901 716 1954 p.
744 1885 868 1946 632,
893 1886 926 1954 g
955 1885 1036 1948 38,
1075 1883 1168 1938 ubi
1203 1884 1442 1938 diversae
1477 1888 1655 1954 partes
1692 1883 1825 1954 legis
1862 1882 2147 1953 lapidariae
2171 1882 2477 1937 adferuntur
2496 1913 2561 1922 ——

375 1971 694 2025 ment-ionem
749 1971 867 2025 fieri
923 1971 1230 2042 ephetarum
1277 1971 1634 2025 admonemus,
1708 1971 1779 2024 Et
1832 1970 1972 2040 apud
2018 1969 2268 2023 Andocid.
2322 2001 2379 2009 —
2431 1977 2561 2038 περὶ

361 2077 608 2126 μυστηρ.
665 2061 697 2128 ξ
751 2058 818 2114 78
873 2089 938 2099 -
995 2059 1175 2129 populi
1227 2059 1420 2112 scitum
1473 2059 1735 2120 laudatur,
1780 2056 2049 2127 ψήφισμα
2095 2058 2429 2120 Patroclidis,
2472 2059 2563 2112 ubi

368 2149 599 2214 ephetae
637 2150 1127 2201 commemorantur.
1198 2147 1483 2201 Praeterea
1529 2147 1663 2200 nihil
1700 2147 1763 2200 de
1802 2148 2011 2216 ephetis
2046 2147 2185 2216 apud
2221 2151 2453 2201 oratores
2488 2147 2564 2200 in·

369 2234 600 2289 venitur.
673 2233 766 2288 cfr
802 2234 944 2288 Phil.
981 2235 1018 2287 l.
1054 2234 1092 2288 l.
1134 2234 1286 2297 1874,
1324 2253 1372 2304 p.
1413 2235 1533 2287 209.

553 2359 606 2426 1)
661 2357 852 2412 Nescio
886 2374 952 2410 an
990 2357 1176 2411 Pollux
1215 2387 1274 2396 —
1316 2357 1459 2421 VIII,
1500 2359 1604 2412 125
1644 2386 1703 2396 -—
1743 2357 2061 2424 locupletem
2097 2361 2365 2412 auctorem
2402 2373 2563 2427 quen-

369 2443 493 2496 dam
545 2449 758 2499 secutus
795 2446 885 2509 sit,
926 2461 1043 2499 cum
1080 2445 1314 2499 traderet
1349 2446 1567 2516 ephetas
1604 2450 1729 2500 ante
1765 2445 2008 2499 Solonem
2044 2445 2099 2499 in
2136 2445 2375 2500 omnibus
2412 2447 2565 2514 quin-

361 2548 476 2602 que
529 2533 826 2587 dicasteriis
879 2532 1075 2588 iudicia
1128 2533 1388 2596 habuisse,
1445 2531 1503 2585 ἐν
1549 2536 1668 2588 τοῖς
1706 2536 1866 2585 πέντε
1905 2529 2305 2603 δικαστηρίοις.
2382 2533 2565 2603 Neque

361 2622 514 2682 -enim
580 2620 888 2676 crediderim
952 2621 1008 2676 id
1072 2623 1182 2675 iure
1236 2621 1503 2676 adfirmari
1557 2637 1707 2691 posse
1762 2625 1929 2674 totam
1994 2621 2126 2675 hanc
2180 2621 2561 2691 paragraphum

369 2709 606 2763 Pollucis
660 2709 724 2763 ob
763 2725 879 2764 eam
916 2725 1125 2764 causam
1159 2708 1536 2778 aspernandam
1577 2725 1710 2771 esse,
1749 2707 1888 2778 quod
1925 2708 2262 2762 manifestum
2298 2710 2369 2762 sit
2408 2725 2567 2762 enun-

359 2798 565 2851 tiatum
620 2797 753 2852 illud
815 2795 1048 2865 Δράκων
1094 2793 1340 2852 ὃάὖτοὺς
1386 2799 1715 2863 κατέστησεν
1770 2791 1860 2867 ἀρ.
1926 2791 2041 2868 alp.
2100 2797 2165 2850 ab
2220 2813 2391 2852 errore
2444 2813 2564 2867 pro-

365 2886 571 2940 fect-um
625 2903 756 2940 esse.
829 2885 1109 2940 Auctorem
1164 2886 1394 2940 Pollucis
1440 2903 1468 2940 e
1515 2885 1697 2939 multis
1742 2884 2082 2954 scriptoribus
2128 2885 2361 2940 hausisse
2404 2903 2567 2956 appa-

371 2978 472 3027 ret.
529 2973 664 3028 Vera
717 2978 772 3027 et
824 2973 957 3028 falsa
1009 2972 1147 3042 apnd
1201 2989 1318 3028 eum
1375 2973 1635 3043 permixta
1686 2975 1825 3026 sunt.
1862 2971 2087 3027 Stoient.
2126 3003 2187 3014 —-
2225 2991 2347 3044 pag.
2391 2974 2459 3026 87
2502 3005 2563 3017 —

365 3061 636 3115 »vidimus
689 3061 955 3116 Pollucem
1010 3077 1164 3131 saepe
1217 3064 1432 3130 optima,
1489 3077 1645 3130 saepe
1699 3060 1975 3124 deteriora,
2024 3077 2181 3132 saepe
2218 3065 2397 3131 aperte
2434 3061 2567 3116 falsa

323 3213 328 3218 ι
374 3148 600 3203 tradere.
647 3149 828 3218 itaque
865 3149 950 3203 vel
987 3150 1208 3202 maxime
1245 3148 1500 3202 lubricum
1538 3152 1639 3210 est,
1677 3163 1741 3202 ne
1780 3148 1948 3202 dicam
1987 3165 2305 3218 perversum,
2344 3165 2444 3203 non
2482 3165 2565 3204 so-

374 3237 487 3290 lum
524 3253 586 3290 ex
621 3237 788 3292 altero
825 3238 939 3292 loco
975 3239 1039 3291 de
1077 3238 1260 3298 altem,
1298 3236 1389 3291 sed
1427 3237 1586 3291 etiam
1626 3253 1687 3291 ex
1726 3237 1891 3291 altera
1929 3240 2077 3306 parte
2117 3238 2270 3290 unius
2306 3237 2565 3292 eiusdem-

365 3341 478 3394 que
533 3325 634 3380 loci
670 3325 734 3380 de
770 3325 940 3379 altera
993 3324 1190 3394 aliquid
1237 3325 1566 3379 concludere:
1625 3342 1747 3380 nam
1776 3325 1868 3394 qui
1906 3325 2058 3380 modo
2094 3326 2317 3395 pessime
2354 3327 2566 3390 erravit,

373 3412 518 3466 idem
566 3429 814 3484 persaepe
865 3413 1048 3467 statim
1095 3413 1368 3467 verissima
1413 3413 1691 3467 tradidit».
1763 3412 1906 3478 Quae
1943 3414 1989 3468 si
2024 3417 2167 3468 recte
2204 3430 2236 3467 a
2270 3413 2565 3468 Stoientino

370 3500 657 3571 disputata
694 3504 831 3565 sunt,
871 3501 1093 3556 fortasse
1129 3502 1229 3556 hoc
1263 3501 1379 3556 loco
1416 3500 1538 3555 boni
1575 3503 1805 3556 auctoris
1842 3501 2203 3556 testimonium
2230 3501 2369 3572 apud
2393 3501 2566 3556 Pollu-

368 3607 494 3644 cem
531 3593 795 3644 servatum
834 3590 1102 3645 habemus.
1175 3589 1276 3663 Sed
1310 3607 1430 3644 cum
1465 3589 1667 3644 fontem
1703 3589 1859 3644 huius
1894 3591 1997 3646 loci
2032 3591 2292 3660 inquirere
2321 3607 2422 3645 non
2446 3598 2613 3660 pos-fl

367 3679 558 3742 simne,
619 3678 757 3733 nihil
801 3677 866 3732 de
911 3678 1012 3732 hac
1058 3695 1112 3732 re
1157 3693 1252 3748 pro
1289 3681 1432 3733 certo
1470 3677 1749 3733 adfirmare
1784 3679 1925 3733 licet.
1966 3708 2029 3718 -
2066 3677 2567 3734 Animadverterunt

366 3767 470 3821 alii
507 3766 774 3821 Pollucem
814 3767 899 3820 vel
935 3769 1199 3820 auctorem
1239 3767 1351 3820 eius
1387 3766 1743 3822 concludendo
1779 3769 1993 3822 inventa
2029 3767 2159 3822 haec
2185 3767 2390 3822 tradere
2410 3771 2563 3838 potu-

377 3857 499 3909 isse.
567 3853 697 3909 Cum
735 3855 875 3908 enim
914 3855 1231 3909 Plutarchus
1267 3860 1445 3910 narret
1486 3887 1548 3897 -
1587 3856 1692 3910 Sol.
1730 3872 1840 3926 cap.
1878 3855 1947 3910 19
1988 3887 2049 3898 --
2088 3859 2293 3911 veteres
2327 3856 2565 3910 homines

366 3942 560 3996 doctos
581 3942 898 3998 observasse
937 3943 1225 3998 Draconem
1262 3944 1316 3998 in
1354 3943 1560 4014 legibus
1596 3945 1705 3998 suis
1740 3944 1805 3999 de
1842 3944 2047 4014 ephetis
2082 3944 2208 3998 solis
2244 3943 2564 3998 mentionem

372 4030 565 4091 facere,
620 4032 674 4083 in
729 4035 974 4100 promptu
1025 4021 1192 4086 fuisse
1235 4032 1418 4086 dicunt
1461 4033 1708 4103 colligere
1756 4033 1975 4102 ephetas
2018 4037 2139 4102 post
2176 4032 2469 4085 Draconem
2506 4031 2565 4085 in

369 4120 620 4174 omnibus
655 4119 966 4182 dicasteriis,
1005 4121 1166 4174 etiam
1202 4120 1258 4173 in
1295 4119 1585 4191 Areopago,
1621 4120 1952 4176 iudicavisse.
2014 4118 2373 4174 Wachsmuth.
2397 4119 2565 4184 1874,

323 4213 334 4222 ”
377 4225 428 4277 p.
467 4209 601 4272 4753
642 4205 854 4277 Lipsius
895 4208 1049 4270 1881,
1091 4226 1141 4277 p.
1181 4209 1262 4261 22.

2378 4331 2410 4382 3
